2768 4574
160 316 227 406 492
579 313 617 383 r.
647 310 783 381 mvu
1065 282 1188 396 itit

150 439 242 528 jura
263 433 409 530 hospitii
424 456 560 517 secum,
585 456 656 502 neu
675 455 757 502 cum
776 427 918 527 populo
939 447 1092 498 romano
1117 432 1216 498 inita

159 547 348 628 societatis,
368 545 527 631 neufas,
540 541 676 636 fidem,
700 540 862 627 dextras,
884 538 970 610 deos
988 553 1091 608 testes
1106 554 1216 634 atque

159 653 311 723 arbitros
324 649 717 741 conventorumffallat.
727 655 921 737 Cieterum,
931 648 1080 746 quintio
1093 673 1215 745 neque

159 763 266 833 celari
292 760 467 831 adventus
479 760 716 831 Numidarum
732 774 872 857 poterat
894 758 1034 856 (vagati
1056 759 1155 829 enim
1178 759 1216 827 in

159 870 250 942 urbe
274 868 525 967 obversatique
543 872 711 968 praetorio
734 871 874 966 erant),
890 884 947 957 et,
970 870 999 939 si
1029 867 1214 955 sileretur,

160 979 248 1076 quid
267 993 430 1076 petentes
446 980 644 1067 venissent,
665 978 866 1076 perieulum
884 992 978 1065 erat,
996 1002 1044 1048 ne
1064 1001 1147 1048 vera
1170 1004 1214 1048 eo

159 1091 255 1184 ipso,
271 1087 371 1184 quod
387 1087 603 1173 celarentur,
623 1113 687 1158 sua
708 1102 837 1185 sponte
855 1089 966 1184 magis
987 1102 1213 1172 emanarent,

159 1199 342 1293 timorque
355 1198 393 1266 iu
408 1199 603 1268 exercitum
616 1196 832 1280 incederet²,
847 1220 896 1267 ne
908 1194 1015 1265 simul
1033 1218 1117 1264 cum
1131 1218 1214 1288 rege

160 1324 196 1378 et
215 1305 568 1403 Carthaginiensibus
588 1305 681 1377 foret
699 1305 929 1393 bellandum,
947 1307 1074 1376 avertit
1089 1331 1110 1375 a
1130 1330 1216 1375 vem

159 1416 253 1487 salsis
269 1416 552 1514 praeoccupando
567 1430 706 1487 mentes
720 1417 909 1485 homiuum
924 1443 931 1485 :
947 1429 1001 1500 et,
1019 1416 1154 1484 vomtis
1173 1413 1217 1483 ad

144 1610 146 1615 q
159 1527 373 1596 concionem
386 1525 576 1612 militibus,
590 1531 675 1598 Non
692 1525 786 1596 ultra
799 1549 875 1595 esse
886 1524 1145 1611 cunctandum,
1156 1527 1214 1593 ait.

160 1642 316 1719 Instare,
333 1650 373 1704 ut
384 1640 421 1704 in
432 1636 598 1725 Africam
615 1641 899 1732 quamprimum
915 1636 1088 1729 trajiciat,
1102 1641 1217 1704 socias

161 1768 271 1838 reges.
295 1750 527 1815 Masinissam
542 1751 649 1842 prius
675 1751 792 1843 ipsum
814 1742 1037 1816 odlandum
1057 1751 1215 1829 ventsse,

160 1870 380 1950 querentem,
398 1856 500 1951 quod
517 1857 717 1926 cunctando
743 1872 880 1952 tempus
904 1870 1102 1925 tereretur:
1122 1878 1219 1924 nanc

160 1964 358 2060 Syphacem
385 1971 521 2036 mittere
549 1966 698 2062 legatos,
721 1967 815 2036 idem
842 1965 1102 2051 admirantem,
1132 1988 1218 2059 quie

161 2090 234 2143 tam
263 2075 445 2146 diuturnae
470 2101 583 2146 morie
603 2082 650 2146 sit
671 2100 800 2161 causa,
815 2074 1152 2171 postulantemque,
1180 2089 1221 2142 ut

161 2200 228 2252 aut
243 2187 446 2278 trajiciatur
462 2186 607 2256 tandein
625 2191 662 2254 in
679 2187 848 2274 Africam
873 2188 1065 2269 exercitus,
1086 2197 1166 2265 aut,
1183 2187 1216 2250 si

163 2308 303 2362 mutata
330 2294 480 2364 consilia
503 2301 591 2381 sint,
613 2299 741 2364 certior
748 2295 844 2387 fiat,
866 2309 908 2362 nt
925 2306 961 2362 et
982 2297 1059 2387 ipse
1079 2290 1152 2359 sibi
1171 2314 1216 2358 ac

162 2425 271 2495 regno
293 2426 360 2470 suo
373 2409 493 2498 possit
509 2403 700 2474 consulere.
727 2409 870 2499 Itaque,
881 2407 1026 2499 paratis
1033 2401 1121 2494 jam
1140 2425 1218 2469 om-

162 2508 267 2578 nibus
295 2515 557 2608 instructisque,
583 2529 619 2582 et
643 2538 682 2582 re
702 2515 788 2606 jam
814 2536 887 2582 non
914 2509 1009 2579 ultra
1028 2514 1221 2606 recqn'ente

162 2625 439 2708 cunctationem,
467 2628 504 2691 i'n
524 2629 646 2693 animo
668 2623 740 2694 sibi
760 2647 852 2706 esse,
879 2619 1079 2713 Lilybaeum
1107 2618 1221 2688 classe

162 2729 340 2816 traducta,
354 2733 551 2828 eodemque
562 2733 727 2804 omnibus
732 2733 899 2830 peditum
913 2737 1147 2829 equitumque
1157 2754 1219 2799 co·

155 2847 231 2938 piis
244 2852 449 2933 contractis,
464 2871 548 2942 quie
552 2852 677 2943 prima
690 2847 767 2916 dies
782 2870 925 2916 cursum
937 2843 1088 2914 navibus
1098 2842 1218 2927 daret,

143 2946 148 2958 ’
165 2953 240 3022 dcis
261 2955 581 3050 benesonantibus,
602 2964 638 3026 in
655 2959 821 3046 Africam
835 2958 1006 3049 trajicere.
1024 2953 1159 3023 Literas
1175 2951 1220 3021 ad

161 3065 210 3131 M.
229 3067 466 3161 Pomponium
487 3067 612 3153 mittit,
631 3080 691 3151 ut,
710 3067 740 3135 si
756 3066 790 3136 ei
808 3064 1003 3151 videretur,
1021 3061 1219 3156 Lilybaeum

163 3172 317 3259 veniret,
331 3187 372 3244 ut
383 3177 623 3246 communiter
635 3175 882 3260 consulerent,
892 3198 982 3270 quas
994 3172 1220 3270 potissimum

164 3280 322 3376 legiones
347 3299 383 3353 et
406 3299 581 3380 quantum
607 3285 762 3355 militum
787 3304 981 3354 numerum
1006 3282 1046 3351 in
1065 3277 1221 3350 Africam

164 3391 352 3484 trajiceret.
372 3397 462 3462 ltem
481 3396 615 3464 circum
632 3418 733 3465 oram
754 3418 899 3466 omnem
916 3392 1132 3463 maritimam
1152 3390 1221 3458 mi-

198 3579 223 3610 a.
245 3563 371 3628 Timorqne
387 3566 412 3612 in
428 3567 559 3613 exercitam
575 3565 668 3612 incede·
713 3577 737 3613 et
749 3569 810 3615 Caes.
821 3566 873 3614 Bel.
884 3565 931 3612 civ.
944 3565 984 3620 11,
999 3576 1049 3622 293
1062 3562 1114 3619 ΙΙΙ,
1134 3561 1172 3607 13.
1187 3586 1223 3595 -

163 3652 216 3696 νοω
235 3641 290 3689 edd.
304 3642 377 3690 Dralr.
397 3655 421 3692 et
440 3655 500 3691 antt.
517 3654 573 3691 ante
590 3647 667 3693 Gran.
713 3645 868 3692 Masinissam
882 3639 952 3706 prius
968 3640 1047 3703 ilum
1067 3638 1104 3686 ad
1122 3637 1223 3684 mnam

163 3718 188 3763 in
207 3718 338 3767 exercitum
356 3722 478 3771 incideret.
497 3723 591 3786 optimi
606 3722 668 3769 Mss
712 3722 818 3779 venisse,
834 3733 880 3770 etc.
891 3720 942 3767 vid.
953 3734 1009 3783 cap-
1019 3725 1044 3772 i·
1063 3740 1086 3753 ···
1097 3715 1167 3762 Idm
1179 3714 1223 3762 ’δ’

164 3792 188 3840 in
206 3798 312 3845 exercitu
332 3799 468 3858 incederet,-
490 3801 556 3864 quod
577 3801 669 3864 recepit
713 3801 855 3856 mirantem,
879 3800 954 3847 immo
979 3796 1060 3844 item:
1082 3792 1152 3857 quad
1175 3795 1224 3854 ist·¹

165 3874 243 3921 Gron.
263 3877 316 3923 Nos
335 3877 471 3933 edidimus,
491 3878 558 3942 quod
578 3878 668 3942 linguei
712 3882 787 3928 Doer.
805 3877 928 3926 manaim
944 3873 1027 3922 videa.
1046 3874 1111 3921 Mox
1123 3870 1224 3936 parans

162 3951 264 4014 usuique
275 3954 394 4016 loquendi
405 3958 591 4005 convenientias
601 3951 669 4006 vide·
707 3958 765 4023 jam
777 3957 886 4005 amnibus
899 3953 1067 4016 inanitatisque
1079 3950 1160 4021 edidit
1169 3952 1225 3999 Jao.

162 4028 240 4077 batur.
252 4031 362 4080 Coniid
374 4037 410 4091 11,
421 4052 462 4096 η,
473 4052 497 4084 n.
512 4052 554 4095 rn;
564 4046 668 4084 attamen
714 4039 791 4084 Gmn.
812 4050 857 4099 pro
879 4032 943 4097 vulg.
957 4032 1013 4097 jam
1034 4029 1094 4078 salii
1113 4027 1224 4078 omilim
