2768 4574
182 335 251 417 240
291 382 294 387 .
616 334 654 399 t.
686 334 825 402 Ltvu
1095 314 1224 425 atta

179 459 221 525 L.
243 454 402 525 Licinius
425 447 586 549 prmtor⁵
604 452 689 524 inde
713 454 914 542 eduxisset,
936 453 1105 527 tribunos
1129 456 1255 554 plebis

181 563 375 662 appellavit
388 562 533 633 flamen.
552 567 745 634 Vetustum
759 564 818 658 jus
830 563 1018 635 sacerdotii
1033 565 1227 662 repetebat
1242 594 1252 637 ε

180 676 304 746 datum
320 673 357 745 id
372 698 455 744 cum
469 691 552 769 toga
567 687 738 770 praetexta
755 690 791 745 et
804 675 889 746 sella
904 675 1021 746 curuli
1035 690 1071 746 et
1083 676 1255 748 flaminio

180 812 267 857 esse.
287 792 439 872 Praetor,
461 810 538 855 non
557 785 708 856 exoletis
726 800 903 858 vetustate
919 787 1104 858 annalium
1122 813 1255 859 exem·

180 898 249 996 plis
270 911 363 967 stare
375 895 453 990 jus,
469 890 532 966 sed
550 897 802 967 recentissimae
816 899 993 995 cujusque
1010 900 1256 983 consuetudi-

180 1009 237 1077 nis
253 1032 342 1092 usu,
359 1004 505 1076 volebat
525 1031 533 1072 z
555 1029 623 1075 nec
642 1020 803 1102 patrum,
822 1006 890 1079 nec
906 1031 1055 1077 avorum
1073 1011 1256 1079 memoria

179 1117 310 1189 dialem
325 1140 547 1214 quemquam
563 1114 599 1184 id
606 1115 666 1208 jus
681 1117 1054 1216 usurpasse.Tribuni‚
1062 1143 1140 1190 rem
1155 1121 1257 1191 iner-

179 1231 228 1299 tia
241 1228 428 1299 flaminum
439 1223 668 1296 obliteratam
678 1226 782 1322 ipsis,
797 1255 871 1299 non
884 1229 1096 1315 sacerdotio,
1111 1227 1255 1301 damno

180 1337 301 1425 fuisse,
312 1361 427 1433 quum
439 1360 584 1431 aequum
595 1337 831 1425 censuissent,
842 1364 887 1410 ne
903 1341 981 1437 ipso
996 1339 1145 1436 quidem
1160 1363 1254 1411 con·

179 1466 234 1521 tra
251 1448 423 1521 tendente
443 1462 616 1544 praetore,
634 1470 767 1551 magno
787 1475 932 1521 assensu
948 1465 1092 1547 patrum
1111 1448 1251 1547 plebis-

181 1593 272 1666 que,
297 1566 482 1636 flaminem
507 1567 546 1634 in
566 1581 732 1636 senatum
753 1560 1053 1650 introduxerunt;
1075 1560 1255 1633 omnibus

179 1683 228 1751 ita
245 1678 552 1766 existimantibus,
567 1678 678 1773 magis
691 1678 878 1747 sanctitate
891 1675 991 1756 vitae,
1006 1697 1115 1768 quam
1129 1697 1254 1744 sacer-

103 1778 108 1792 ’
179 1790 268 1859 dotii
287 1791 392 1884 jure,
419 1812 496 1859 rem
521 1812 600 1859 eam
622 1787 806 1858 flaminem
830 1783 1040 1854 obtinuisse.
1070 1783 1255 1855 Consules

179 1901 295 1996 prius,
312 1922 420 1994 quam
441 1899 479 1965 in
499 1899 703 1993 provincias
718 1899 831 1982 irent,
851 1895 940 1965 duas
958 1891 1116 1963 urbanas
1133 1893 1254 1992 legio-

179 2034 244 2080 nes
255 2011 323 2097 ;,in
346 2009 662 2106 supplementum,
687 2022 864 2103 quantum
890 2029 984 2102 opus
1005 2018 1081 2075 erat
1109 2007 1255 2076 eaeteris

180 2114 397 2205 exercitibus
415 2117 590 2206 militum,
608 2114 1073 2216 mripserrrnt⁶.·Urbanum
1087 2128 1256 2193 veterem

181 2229 377 2298 exercitum
392 2228 537 2298 Fulvius
554 2230 683 2300 consul
697 2234 736 2301 C.
749 2229 873 2301 Fulvio
883 2228 1007 2298 Flacco
1023 2228 1141 2324 legato
1155 2225 1254 2321 (fra-

181 2351 237 2406 ter
250 2337 310 2408 hic
327 2339 487 2409 consulis
501 2340 597 2436 erat)
611 2341 843 2435 iantruriarn
858 2337 956 2410 dedit
970 2337 1198 2425 ducendtun‚
1214 2354 1256 2409 et

184 2449 361 2544 legiones,
380 2475 460 2546 quae
479 2453 516 2521 in
531 2452 675 2521 Etruria
694 2465 816 2538 eraut,
836 2455 985 2520 Romam
1004 2447 1254 2518 deducendas,

180 2562 226 2628 -Εῑ
245 2557 374 2638 Fabius
389 2561 517 2630 consul
533 2560 703 2656 reliquias
722 2561 899 2657 exercitus
917 2557 1077 2628 Fulviani
1096 2560 1257 2655 conqui-

181 2669 263 2738 sitas
281 2672 294 2766 ζ
303 2667 403 2740 fuere
423 2686 544 2742 autem
564 2672 608 2742 ad
624 2673 692 2741 tria
708 2672 818 2741 millia
835 2670 987 2741 trecenti
1002 2670 1146 2767 triginta
1166 2669 1255 2765 sex)

181 2784 225 2870 Q.
241 2782 439 2850 Maximum
453 2781 568 2852 lilium
584 2782 717 2853 ducere
729 2785 767 2851 in
778 2783 929 2852 Siciliam
946 2779 991 2850 ad
1005 2779 1256 2851 M.Valerium

122 2903 125 2909 ’
180 2892 441 2987 proconsulem
456 2892 581 2986 jussit,
599 2907 708 2989 atque
727 2891 834 2962 abeo
853 2890 941 2961 duas
957 2891 1116 2986 legiones
1137 2902 1175 2960 et
1193 2891 1258 2960 tri·

181 3003 280 3098 ginta
301 3003 584 3098 quinqueremes
601 3004 772 3100 accipere.
794 3000 892 3074 Nihil
909 2999 964 3070 hae
984 2999 1121 3070 eductae
1136 3023 1182 3068 ex
1197 2999 1257 3071 in·

180 3206 284 3271 adipisci
296 3223 374 3272 ¹posse
390 3205 522 3266 videretur,
542 3208 599 3255 ideo
619 3209 693 3255 solari
735 3208 782 3271 leg.
795 3208 881 3255 datum
895 3207 926 3254 id
939 3223 993 3254 cum
1011 3219 1069 3271 toga
1081 3215 1211 3274 proetefcta
1230 3220 1258 3255 et

179 3298 297 3349 cognatos
309 3289 360 3347 ejus
370 3287 458 3345 voluit,
469 3288 518 3334 hoc
531 3287 553 3333 ei
565 3288 692 3351 impertito
736 3288 797 3334 sella
811 3287 890 3334 curuli
898 3287 1017 3354 staminio
1030 3303 1096 3342 esse,·
1113 3284 1183 3348 quod
1199 3287 1258 3346 jam

179 3364 324 3412 sacerdotio.
334 3367 381 3413 En.
389 3367 620 3430 -Totajuventute
629 3369 691 3414 Mss
740 3382 857 3413 monuere
871 3367 917 3412 viri
929 3367 1012 3425 doeti3
1026 3367 1091 3415 eous.
1103 3368 1130 3422 1,
1143 3378 1186 3412 ao.
1253 3396 1257 3403 -

178 3454 203 3490 et
212 3455 271 3491 vett.
282 3443 339 3490 edd.
354 3460 400 3506 pro
416 3444 440 3490 in
455 3456 509 3491 tota
517 3445 552 3509 j.,
565 3445 633 3508 quod
643 3447 692 3510 pri·
737 3473 740 3479 -
772 3444 875 3492 6.Duos
886 3447 992 3492 urbanas
1003 3444 1107 3510 legiones
1119 3443 1143 3490 in
1153 3445 1259 3508 supple-

180 3538 233 3568 mus
246 3522 324 3570 edidit
338 3525 390 3570 Jac.
402 3524 479 3571 Gron.
736 3526 1033 3588 ruentum...scr1pserune
1040 3525 1104 3572 male
1110 3523 1188 3588 vulgo
1193 3527 1260 3586 iun·

216 3602 240 3648 5.
258 3604 286 3647 L.
302 3601 408 3648 Licinius
422 3613 537 3665 praetor:
555 3602 599 3650 sed
618 3619 689 3650 nemo
737 3615 849 3666 guntur:
869 3620 925 3650 nam
950 3604 1051 3652 zirbanae
1069 3603 1176 3666 legiones
1198 3620 1259 3654 non

179 3680 228 3728 hoc
242 3696 307 3728 anno
321 3680 430 3729 licinius
442 3693 533 3745 praetor
547 3683 610 3742 fuit,
622 3695 647 3731 at
659 3699 692 3730 se·
737 3682 849 3730 solebant
868 3683 982 3731 distribui
1005 3685 1032 3730 in
1051 3683 1259 3747 supplementum

180 3761 266 3823 quenti
280 3760 330 3806 duo
342 3762 371 3805 P.
383 3760 469 3808 Licinii
481 3763 515 3827 (v.
525 3763 557 3809 ad
570 3778 623 3826 cap.
636 3759 691 3825 21)3
736 3762 849 3819 aliarum,
863 3763 905 3809 sed
918 3763 968 3810 fere
981 3761 1164 3827 advpraesidiuru
1176 3762 1261 3814 Urbis

181 3839 216 3884 ita
226 3839 272 3900 leg.
285 3841 314 3886 P.
325 3838 445 3895 Licinium
459 3841 543 3903 Sigon.
560 3840 692 3887 Enimvero
736 3840 951 3904 relinquebantur3
969 3841 1035 3889 Dult.
1050 3841 1088 3889 Cf.
1101 3840 1132 3888 ad
1145 3842 1260 3904 xxvt,
1318 3872 1321 3876 ·

181 3917 223 3962 hic
233 3917 347 3978 proximo
360 3918 458 3966 demum
472 3935 537 3966 anno
547 3920 593 3967 fuit
602 3930 693 3983 praetor
737 3921 786 3978 28,
802 3936 826 3966 n.
839 3936 863 3968 2.
873 3947 908 3956 -
923 3920 1047 3984 Reliquias
1059 3920 1181 3968 exercitus
1195 3923 1259 3972 ua!-

181 3994 304 4052 urbanus‚
322 4008 346 4043 et
364 3998 412 4045 hoc
432 3999 458 4045 C.
477 3999 606 4055 Hostilius,
620 3997 691 4065 cujus
737 3999 814 4054 viani,
834 4009 880 4045 etc.
897 4001 962 4047 conf.
981 4017 1034 4064 cap.
1048 4015 1059 4045 1
1072 4011 1096 4046 et
1111 4015 1133 4059 7.
1151 4026 1190 4036 —
1210 4005 1263 4051 Ad

183 4074 691 4138 nomenantecorruperunrlibraritotox
736 4077 784 4123 tria
797 4077 888 4143 millia,
899 4080 953 4126 Put.
965 4079 1001 4126 ad
1009 4090 1117 4144 quatuor
1126 4079 1217 4128 miztia.
1247 4128 1254 4135 ,
