2768 4574
167 332 210 413 n
584 332 621 396 r.
655 330 795 397 nvn
841 336 844 341 ’
1075 312 1201 422 itit:

160 452 300 549 optimo
315 473 464 546 quoque
483 472 551 546 pro
565 450 751 520 atrocitate
769 449 822 520 rei
834 463 910 519 acta
926 465 1061 537 essent,
1079 456 1227 552 vimque

161 586 240 632 eam
260 576 387 632 contra
408 558 668 656 rempublicam
692 573 727 631 et
752 560 957 657 pernicioso
978 564 1146 660 exemplo
1172 565 1227 636 fa-

161 688 276 761 ctam,
303 687 446 744 senatus
474 670 673 756 decresset3
701 669 893 741 confestim
918 672 1061 741 Carvilii
1089 673 1227 745 tribuni

162 782 298 881 plebis,
319 784 448 853 omissa
465 781 608 853 mulctae
627 783 825 852 certatione
834 785 860 869 ⁴,
879 783 931 851 rei
951 783 1110 879 capitalis
1128 785 1225 856 diem

159 895 345 964 Postumio
365 891 553 979 dixerunt,
578 915 637 976 ac,
661 893 700 961 ni
725 891 832 962 vades
860 890 979 981 daret,
1005 893 1182 988 prehendi
1205 921 1225 966 a

159 1005 295 1074 viatore
308 1018 415 1100 atque
431 1004 470 1072 in
489 1025 669 1073 carcerem
691 1000 774 1071 duci
790 1002 986 1095 jusserunt.
1009 1004 1223 1091 Postumius,

160 1113 312 1184 vadibus
342 1114 453 1200 datis,
481 1139 558 1183 non
583 1108 707 1182 adfuit.
732 1110 883 1181 Tribuni
910 1111 1053 1208 plebem
1081 1138 1225 1211 rogave-

158 1239 263 1311 runt,
281 1224 478 1322 plebesque
493 1226 542 1293 ita
561 1216 686 1292 scivit⁵
700 1248 707 1287 τ
723 1225 762 1290 Si
778 1227 831 1289 M.
847 1227 1052 1294 Postumius
1068 1241 1152 1295 ante
1165 1251 1224 1295 ca·

160 1336 285 1406 lendas
314 1342 431 1407 mai'as
459 1359 533 1404 non
552 1332 748 1430 prodisset,
769 1337 967 1427 citatusque
993 1358 1035 1402 eo
1062 1335 1121 1405 die
1151 1363 1224 1408 non

160 1447 400 1544 respondisset
413 1469 531 1542 neque
545 1459 736 1513 excusatus
754 1457 863 1525 esset,·
880 1442 999 1512 videri
1013 1468 1096 1512 eum
1111 1452 1147 1514 in
1164 1473 1226 1517 ea:-

160 1555 239 1627 silio
254 1581 346 1643 esse,
368 1555 536 1652 bonaque
551 1556 626 1648 ejus
644 1559 784 1638 uenire,
807 1556 877 1648 ipsi
889 1577 988 1650 aqua
1008 1568 1044 1621 et
1057 1557 1225 1652 igniplu·

160 1663 239 1738 cere
259 1667 431 1738 interdici.
452 1664 607 1761 Singulis
632 1663 763 1734 deinde
786 1687 930 1749 eorum,
954 1663 1016 1757 qui
1043 1661 1159 1733 turbae
1184 1690 1225 1735 ac

160 1777 336 1846 turnultus
359 1776 596 1845 concitatores
620 1772 781 1861 fuerant,
803 1773 855 1843 rei
876 1773 1035 1869 capitalis
1055 1772 1151 1844 diem
1169 1774 1223 1844 di-

161 1880 241 1957 'cere
262 1912 303 1956 ac
325 1886 432 1955 rades
454 1867 601 1981 poscere
624 1899 825 1982 coeperunt.
846 1887 965 1956 Primo
983 1911 1058 1956 non
1078 1886 1223 1977 dantes,

160 1996 292 2091 deinde
323 1997 429 2066 etiam
461 2019 545 2082 eos,
572 1996 636 2091 qui
663 1995 748 2066 dare
777 1984 945 2092 possent,
978 1998 1015 2067 in
1045 2023 1224 2069 carcerem

161 2104 421 2201 conjiciebant:
438 2104 541 2198 cujus
555 2106 608 2175 rei
619 2105 821 2202 periculum
836 2108 988 2179 vitantes
1002 2107 1168 2204 plerique
1185 2109 1225 2177 in

160 2216 324 2286 exsilium
343 2213 520 2285 abierunt.

207 2331 250 2397 V.
273 2331 379 2396 Hunc
400 2323 497 2419 lraus
516 2324 812 2424 publicanorum,
832 2325 962 2397 deinde
980 2325 1141 2399 fraudem
1162 2353 1221 2398 au-

159 2437 259 2527 dacia
276 2451 490 2534 protegens,
513 2439 649 2508 exitum
669 2435 806 2508 habuit.
831 2437 985 2506 Comitia
1004 2438 1089 2508 intle
1109 2442 1224 2534 ponti-

158 2546 219 2619 fici
235 2549 392 2617 maximo
415 2549 574 2618 creando
598 2562 683 2618 sunt
706 2546 829 2617 habita
849 2572 917 2617 :ea
940 2549 1084 2619 comitia
1107 2574 1222 2619 novus

159 2657 321 2756 pontifex
335 2663 383 2727 M.
403 2650 593 2728 Cornelius
609 2655 791 2753 Cethegus
805 2656 931 2727 habuit
941 2669 966 2726 ¹.
981 2663 1067 2728 Tres
1083 2660 1222 2754 ingenti

158 2896 230 2942 armis
236 2893 405 2959 prohibiturus
414 2904 477 2953 erat,
486 2895 551 2941 ultro
560 2908 588 2939 ac
595 2907 668 2956 spou-
711 2907 767 2938 nam
775 2893 919 2957 respondere
926 2894 1015 2943 dieitur
1026 2907 1050 2944 et
1058 2913 1113 2945 reus
1120 2908 1145 2945 et
1153 2914 1222 2945 accu-

159 2986 182 3021 te
195 2990 237 3020 sua
249 2973 374 3021 sustulisse
385 2990 411 3032 »3
430 2974 521 3020 Duker.
541 2974 604 3019 Mox
618 2985 668 3034 pro
712 2982 790 3028 sator,
799 2987 874 3035 quum
882 2973 921 3021 die
932 2975 996 3023 dicta
1004 2976 1101 3024 adsunt.
1111 2977 1183 3024 Conf.
1191 2979 1222 3024 ad

158 3052 289 3100 atrocitate
303 3052 340 3098 rei
347 3052 420 3117 jacta
441 3051 513 3117 (vide
525 3051 556 3097 ad
569 3053 609 3107 ΙΙ,
625 3064 669 3107 12,
712 3053 842 3111 XXXIX,
865 3055 910 3112 18,
929 3071 991 3102 n..1.
1002 3082 1037 3092 -
1053 3056 1105 3118 Ipsi
1118 3072 1185 3117 aqua
1198 3069 1222 3102 et

157 3145 182 3180 n.
197 3131 226 3196 7)
240 3143 318 3189 recte,
336 3132 440 3195 opinor,
462 3130 572 3195 reposuit
590 3129 667 3175 Gron.
713 3129 765 3194 igni
778 3133 879 3195 placere
895 3133 1021 3190 interdici5
1042 3134 1099 3181 vide
1117 3133 1148 3180 ad
1161 3137 1219 3184 Tae.

158 3229 189 3258 ex
201 3214 266 3271 conj.
279 3211 370 3257 Ursini.
560 3251 563 3257 .
712 3210 779 3257 Anu.
790 3213 816 3270 1,
829 3213 859 3270 3,
871 3229 895 3259 n.
910 3214 952 3260 23.
962 3239 997 3248 -
1009 3213 1082 3260 Nulla
1092 3213 1144 3276 lege
1155 3215 1222 3279 apud

195 3300 218 3347 t.
238 3290 333 3337 Omissa
348 3290 443 3336 mulctae
455 3285 669 3349 certatione(ride
712 3291 837 3338 Romanos
852 3290 996 3339 maleficium
1012 3293 1173 3352 multabatur,
1194 3307 1222 3342 ut

157 3370 188 3417 ad
198 3386 251 3433 cap.
265 3371 293 3426 3,
306 3386 331 3416 n.
343 3369 385 3432 9),
397 3367 433 3413 rei
441 3365 554 3430 capitalis
566 3365 629 3412 diem
639 3367 667 3410 P·
712 3381 782 3417 notat
792 3370 928 3418 Creverius.
939 3370 1062 3419 VideCic.
1075 3387 1120 3435 pro
1131 3375 1162 3420 A.
1173 3375 1221 3422 Car-

158 3449 288 3504 dixerunt5
300 3447 356 3494 vide
365 3446 396 3493 ad
405 3448 443 3503 ΙΙ,
454 3445 486 3492 35
493 3480 500 3503 ,
511 3461 537 3491 n.
547 3461 572 3503 1,
584 3458 608 3493 et
616 3448 668 3502 111,
713 3450 779 3506 cina,
789 3465 814 3495 n.
827 3463 889 3505 1003
901 3460 927 3495 at
936 3465 989 3496 mos
996 3461 1046 3497 erat
1060 3467 1121 3514 aqua
1135 3463 1159 3499 et
1168 3453 1221 3515 igni

160 3543 200 3585 11,
209 3545 234 3576 ῃ,
249 3536 272 3582 4.
286 3552 321 3561 -
335 3525 369 3570 Ni
377 3524 455 3571 vades
466 3524 537 3570 daret
550 3522 624 3588 (vide
637 3530 667 3577 ad
711 3527 857 3574 interdicere
870 3528 994 3586 sontibus,
1008 3540 1036 3576 ut
1049 3546 1129 3576 earum
1140 3547 1220 3578 rerum

157 3594 208 3665 III,
228 3607 272 3662 13,
295 3603 373 3666 mp),
389 3602 511 3667 prehendi
524 3620 541 3649 a
554 3605 668 3663 viatore,·
712 3622 758 3652 usu
767 3605 911 3664 interdicto,
924 3607 977 3655 sine
987 3609 1076 3672 quibus
1086 3610 1221 3657 vitabomi·

158 3683 665 3749 videad11‚56,.n.10.-Nonadjuit,
711 3700 771 3730 num
791 3696 902 3733 constare
921 3702 974 3734 non
995 3699 1090 3751 potest,
1114 3689 1221 3737 damnati

157 3766 250 3812 scilieet
263 3761 413 3824 injudicio,
427 3761 466 3808 die
480 3763 597 3821 dicta‚ut
609 3781 668 3829 mox
712 3762 821 3810 exsulare
849 3778 1001 3828 cogerentur.
1028 3768 1123 3829 Quibus
1145 3769 1220 3831 igitur

153 3843 283 3909 prodisset.
711 3858 772 3904 aqua
783 3855 807 3890 et
817 3843 868 3906 igni
879 3845 1037 3893 interdictum
1047 3861 1110 3905 erat,
1118 3850 1135 3895 ii
1149 3864 1220 3895 exsu-

168 3948 174 3966 .-
193 3923 217 3969 5.
229 3920 328 3968 Tribuni
336 3920 432 3982 plebem
445 3933 603 3986 rogaverunt,
612 3924 666 3986 ple·
711 3920 836 3980 leserunt,
848 3933 873 3970 et
882 3924 1004 3972 civitatem
1013 3927 1164 3974 amittebant.
1174 3929 1219 3973 Eu.

113 4003 121 4013 “
158 3999 456 4064 besqueitascirit‚·vide
470 4001 514 4059 IV,
528 4001 612 4060 58‚n.
626 4017 666 4063 ro.
746 4002 844 4051 Ctr.V.
858 4018 879 4050 1.
892 4005 932 4050 Ea
943 4004 1042 4052 comitia
1054 4022 1128 4053 nouus
1136 4006 1220 4068 ponti-

154 4078 339 4143 -Citatusque
349 4094 376 4124 co
386 4077 483 4125 dienen
492 4079 666 4141 respondisset:
703 4081 753 4144 jer
771 4080 885 4146 Cethegus
896 4082 1003 4132 habuit:
1022 4087 1106 4133 confer
1119 4101 1174 4147 cap.
1189 4100 1220 4137 2,
