2768 4574
219 288 287 382 ‘130
636 310 675 376 Τ.
708 310 850 393 uui
1133 295 1261 404 tait.

213 429 423 502 Hannibalis
443 427 575 516 fertur,
596 429 808 501 «Potiundae
823 428 891 502 sibi
915 429 1014 503 urbis
1031 437 1154 503 Romae
1169 418 1287 509 modo

213 571 230 606 t(
240 556 401 612 mentem
417 565 493 610 non
507 536 617 629 dari³,
633 538 744 611 inodo
761 539 981 611 fortunam».
998 543 1162 615 Minuere
1172 536 1286 617 etiani

211 678 313 751 spem
337 654 414 748 ejus
435 652 528 738 aliae,
556 674 666 748 parva
691 666 915 750 magnaque,
940 677 998 724 res
1014 681 1021 722 :
1037 674 1167 751 magna
1194 656 1284 744 illa,

211 764 330 862 quod,
351 789 466 860 quum
481 764 558 860 ipse
576 761 620 833 ad
636 764 770 833 moenia
785 761 886 835 urbis
901 769 1023 835 Romae
1042 780 1200 836 armatus
1221 791 1282 838 se-

165 899 168 903 ·
191 876 328 962 deret,
348 858 562 948 milites'sub
579 872 718 945 vexillis
731 858 768 943 in
789 872 1083 973 supplementum
1099 863 1281 974 Hispania}

206 983 389 1083 profectos
412 985 576 1055 audivit:
599 1009 708 1082 parva
730 999 869 1074 autern,
898 985 998 1082 quod
1026 1011 1093 1084 per
1115 1013 1177 1073 eos
1200 987 1280 1060 dies

202 1121 292 1193 enm
307 1095 399 1167 forte
417 1120 561 1194 agrurn,
578 1097 616 1165 in
631 1120 705 1192 quo
720 1096 796 1193 ipse
808 1109 922 1167 castra
934 1096 1100 1186 haberet,
1118 1100 1279 1188 venisse,

206 1207 299 1278 nihil
320 1207 368 1278 ob
394 1207 432 1276 id
455 1207 644 1288 deminuto
670 1207 808 1304 pretio,
834 1206 1022 1306 cognitum
1046 1233 1090 1279 ex
1116 1208 1278 1306 quodam

205 1320 348 1417 captivo
370 1331 441 1389 est..
458 1317 499 1388 Id
519 1342 605 1388 vero
625 1317 715 1389 adeo
735 1317 933 1414 superbum
953 1332 1062 1415 atque
1082 1305 1276 1418 indignum

202 1432 336 1516 visum,
360 1428 438 1523 ejus
457 1428 542 1511 soli,
565 1426 666 1525 quod
689 1430 766 1525 ipse
787 1426 885 1499 bello
908 1442 1054 1526 captum
1072 1429 1278 1527 possideret

201 1539 447 1636 haberetque,
466 1539 656 1610 inventum
671 1543 793 1609 Romae
812 1552 1037 1635 emptorem,
1061 1552 1122 1626 ut,
1142 1553 1278 1610 extem·

199 1649 264 1747 plo
284 1663 413 1720 vocato
432 1671 615 1744 praecone,
638 1645 807 1717 tabernas
825 1648 1043 1743 argentarias
1054 1651 1082 1735 4,
1101 1673 1182 1746 quae
1199 1648 1277 1720 ‘cir-

201 1784 242 1830 ca
265 1758 386 1829 forum
403 1781 596 1827 romanum
615 1771 702 1825 tunc
726 1770 863 1843 essent,
882 1757 1028 1850 jusserit
1049 1760 1185 1830 venire.
1209 1754 1276 1832 His

199 1884 322 1941 motus
348 1869 393 1938 ad
418 1870 561 1938 Tutiam
586 1863 736 1935 fluvium
764 1881 878 1938 castra
899 1867 1045 1956 retulit,
1069 1894 1131 1941 sex
1158 1870 1277 1957 millia
1333 1934 1337 1941 ι

200 1975 430 2076 passuum-ab
443 1975 553 2047 Urbe.
570 1974 660 2046 Inde
676 1976 720 2046 ad
735 1975 858 2047 lucum
872 1980 1033 2049 Feroniae
1046 1982 1162 2078 pergit
1172 1977 1188 2023 ⁵
1196 1972 1275 2073 ire,

198 2087 378 2186 templum
401 2112 443 2158 ea
463 2100 677 2183 tempestate
700 2086 877 2183 inclytum
902 2086 1042 2159 divitiis.
1068 2093 1275 2187 Capenates

199 2200 310 2296 aliqui
329 2197 457 2269 aeoolae
480 2198 557 2291 ejus
583 2211 707 2285 erant3
730 2199 904 2296 primitias
921 2197 1067 2296 frugum
1088 2225 1132 2271 eo
1152 2199 1274 2274 dona-

197 2335 271 2407 que
285 2309 351 2379 alia
369 2334 436 2406 pro
456 2309 560 2405 copia
577 2321 782 2404 portantes,
801 2308 917 2379 multo
936 2334 1024 2381 auro
1040 2304 1274 2410 argentoque

196 2419 234 2490 id
252 2434 469 2492 exornatum
483 2415 671 2489 xhabebant
685 2445 695 2487 ⁸:
711 2416 767 2489 his
785 2418 956 2490 omnibus
975 2420 1080 2493 donis
1094 2435 1172 2492 tum
1188 2447 1275 2522 spo·

232 2641 255 2688 3.
270 2639 346 2687 Modo
361 2637 599 2696 mentemnondari‚
614 2638 707 2686 scilicet
787 2640 812 2686 5.
828 2639 873 2686 Ad
884 2639 963 2686 lucum
974 2638 1086 2686 Feronioe
1096 2638 1183 2704 pergit
1195 2640 1235 2689 ire
1246 2656 1273 2692 et

192 2730 251 2784 post
259 2719 386 2766 victoriam
396 2717 428 2765 ad
440 2719 544 2767 Cannas
553 2718 616 2765 Mox
626 2717 706 2766 delevi
750 2717 827 2782 (quod
843 2719 906 2766 forte
919 2716 1027 2782 excidit)
1043 2718 1183 2782 templum..
1192 2721 1272 2770 ,divi-

192 2801 363 2864 importunum
371 2809 396 2844 et
405 2809 461 2845 ante
470 2798 536 2844 atioe.
544 2825 578 2845 -.-
587 2799 648 2845 Haeo
657 2814 706 2845 me·
750 2796 803 2852 tiis5
812 2796 869 2844 vide
880 2797 943 2856 adl,
955 2799 999 2856 30,
1009 2813 1033 2846 n.
1043 2805 1072 2855 t,
1082 2798 1210 2859 etxxu,
1222 2801 1257 2848 15
1263 2837 1272 2862 ,

191 2880 299 2928 moravit
316 2880 353 2924 vir
366 2889 421 2924 ante
434 2892 519 2924 omnes
537 2876 657 2924 secundus
681 2888 706 2924 et
749 2891 775 2922 n.
789 2876 812 2923 6.
827 2877 890 2923 Mox
906 2877 969 2924 forte
981 2876 1028 2939 leg.
1049 2875 1202 2940 Capenates,
1224 2881 1273 2944 qui

191 2961 261 3020 enjus
280 2974 371 3006 nomen
388 2958 466 3022 ipsam
484 2957 650 3020 eloquentiam
667 2973 704 3004 re·
748 2953 788 3000 vel
808 2955 832 3002 ἂ
853 2955 923 3010 olim,
947 2954 992 3018 qni
1009 2954 1102 3001 accoloe
1117 2954 1169 3020 ejus
1193 2971 1274 3007 erant
1335 3005 1336 3010 ,

188 3048 322 3104 praesentat
333 3038 460 3095 Bosaurr,
484 3033 704 3100 Oraisonlflmebre
748 3031 844 3097 (confer
851 3035 965 3092 XXVII,
975 3041 1002 3091 t,
1012 3032 1074 3080 etad
1082 3036 1109 3092 Ι,
1121 3035 1167 3090 30,
1176 3050 1207 3083 n.
1216 3043 1233 3092 4
1241 3037 1269 3102 ),

188 3117 221 3165 de
241 3118 267 3166 la
284 3117 350 3164 reine
367 3116 536 3180 dAngIeter-re
555 3132 564 3163 .·
585 3117 701 3173 «Rome,
743 3111 866 3174 primitias
871 3113 975 3178 frugum
990 3104 1270 3182 (dnaqug,quaedjj'.

190 3218 204 3239 a
217 3215 264 3261 que
272 3209 300 3246 tu
309 3195 399 3253 tenuis,
409 3193 550 3259 t'ecbnppe‚
559 3194 613 3242 etle
622 3193 702 3242 destin
747 3192 831 3239 offerri
841 3191 965 3255 solebant)
979 3208 1006 3238 eo
1019 3192 1146 3256 donaque,
1163 3204 1216 3260 ete.¹
1225 3198 1270 3246 Ita

189 3298 203 3318 α
217 3277 313 3323 ennemi
335 3273 368 3322 t’a
391 3273 431 3321 ὂῑό
453 3272 533 3320 tamor
554 3273 578 3319 le
598 3289 701 3339 moyen,
745 3278 781 3341 τῷ
797 3271 854 3318 olim
872 3288 932 3318 mox
952 3283 1002 3318 tum
1015 3271 1158 3335 opponitur.
1181 3271 1268 3338 Carpe-

187 3376 202 3399 «
215 3352 422 3419 tantdtlapensee
432 3352 462 3400 de
471 3353 497 3399 'la
509 3352 624 3416 prendre.
632 3375 645 3394 »
653 3354 699 3400 En.
744 3362 813 3398 nates
826 3351 929 3413 aliique,
950 3349 993 3414 qni
1009 3350 1101 3396 accolae
1107 3383 1116 3406 ,
1136 3359 1204 3410 etc„
1221 3354 1267 3422 γε]

224 3443 248 3490 4.
266 3434 387 3480 Tabernas
404 3431 560 3496 argentarias
581 3430 654 3495 (vide
668 3433 699 3479 ad
744 3430 769 3476 0.
784 3429 920 3492 Faliscique
929 3428 1021 3475 accolce
1026 3462 1034 3484 ,
1043 3427 1168 3492 primitias
1171 3463 1182 3486 ,
1198 3441 1267 3493 ete„

186 3515 238 3572 ΠΙ,
248 3529 322 3574 27,n.
335 3511 361 3577 3)
374 3510 473 3576 jusserit
479 3510 576 3567 venire,
590 3511 698 3558 vendens
742 3511 807 3569 conj.
822 3512 899 3558 Gron.
912 3535 948 3544 —
961 3507 1087 3555 Waluhlus
1098 3522 1186 3555 omnes
1197 3509 1265 3558 alio-

184 3593 311 3650 similiter,
321 3608 375 3655 quae
381 3590 486 3639 Romani
491 3589 697 3654 possiderentt'ta-
740 3603 794 3634 rum
808 3589 960 3648 conjecturas
972 3585 1020 3633 sibi
1036 3602 1088 3633 non
1100 3585 1200 3650 placere
1210 3589 1265 3650 ait,

185 3671 327 3734 tereretque,
338 3671 407 3733 qnasi
416 3672 466 3730 jam
480 3669 572 3734 ceperit
578 3670 696 3727 Romam,
741 3666 967 3729 emendandumque
974 3675 1065 3722 censet,
1072 3664 1266 3739 Capenamqn.

184 3762 227 3797 ant
236 3750 376 3812 neutiquam
387 3749 525 3807 dubitaret,
538 3748 598 3811 quin
607 3764 695 3812 prope-
740 3745 814 3808 tiqui,
826 3761 879 3808 quae
891 3761 942 3793 vox
950 3745 976 3790 in
987 3745 1049 3791 MSS
1058 3743 1092 3791 ita
1103 3743 1198 3808 scripta
1210 3747 1265 3796 ton

90 3868 92 3871 ,
183 3828 249 3877 diem
271 3845 285 3875 a
303 3845 328 3875 se
347 3840 524 3892 caperemu-
540 3827 585 3874 His
601 3838 692 3883 motus,
739 3841 782 3872 san
794 3816 972 3888 fueritfztiqni,
994 3824 1056 3871 etin
1066 3822 1146 3886 aliqui
1161 3836 1263 3877 mutata
1309 3836 1311 3840 ⁴

182 3906 229 3955 hae
240 3910 406 3955 Romanorum
422 3905 519 3954 fiducia.
536 3934 572 3942 -
589 3907 634 3953 Ad
647 3908 694 3952 Tn-
738 3921 751 3952 a
765 3905 876 3952 librariis.
888 3907 971 3968 Ipsum
978 3904 1034 3952 vide
1044 3900 1070 3951 iri
1081 3905 1188 3957 Emend.
1198 3922 1262 3972 pag,

184 3987 463 4054 tiarnfluvium500nler
476 3985 692 4046 stt.tt111‚5‚6,
740 3987 796 4040 148.
810 3987 959 4034 En.·-Pro
974 3985 1060 4048 copim
1073 3983 1130 4032 vide
1142 3985 1178 4032 ad
1190 3987 1246 4036 vn
1256 4027 1266 4051 ‚
1295 3972 1301 3987 ’

182 4077 207 4114 at
219 4067 314 4117 Cluver.
325 4067 377 4113 Ital.
390 4069 427 4121 ΙΙ,
441 4081 478 4112 ro.
739 4066 768 4111 33
778 4100 785 4123 ,
797 4081 822 4113 n.
831 4081 860 4124 2,
872 4076 897 4112 et
905 4065 1031 4124 XXVIII,
1043 4079 1090 4119 nr,
1105 4079 1131 4111 n.
1141 4065 1169 4112 6.
