2768 4574
180 334 250 406 310
600 335 638 399 T.
671 334 809 399 Ltvll

179 482 293 554 genus
312 456 467 525 bostium
485 469 682 548 cognosset,
705 468 834 522 temere
850 477 1001 522 manum
1019 470 1245 542 comereret,

181 566 410 664 respondisse
427 591 435 633 ε
458 560 528 633 Ubi
537 569 701 660 primum
715 563 871 632 bostium
887 587 1017 658 αςηιεη
1030 569 1245 660 conspexis-

181 692 249 763 set,
264 691 526 775 pugnaturum.
550 677 674 764 Quum
697 688 938 773 quareretur,
958 699 1039 770 quae
1060 697 1166 745 causa
1187 672 1245 747 fe-

182 786 341 860 stinandi
358 787 473 857 esset?
492 815 508 850 «
522 789 593 854 Aut
613 810 657 855 ex
677 783 781 856 hoste
799 784 976 881 egregiam
992 783 1164 878 gloriam,
1188 785 1244 854 in-

181 928 200 963 «
213 899 310 995 quit,
326 911 387 967 aut
400 921 445 966 ex
463 895 600 966 civibus
611 896 714 966 victis
729 892 898 992 gaudium
908 920 920 978 ¹,
939 896 1107 964 meritum
1122 909 1243 978 certe,

181 1038 200 1075 a
213 1010 279 1079 etsi
296 1019 371 1077 non
388 1006 599 1090 honestum,
619 1006 767 1101 capiam.
783 1034 800 1069 r
819 1005 920 1073 Prius
938 1027 1048 1099 quam
1067 1001 1244 1074 Claudius

182 1119 311 1191 consul
321 1121 362 1193 in
370 1120 590 1215 provinciam
602 1115 824 1213 perveniret,
835 1138 905 1210 per
917 1127 1117 1184 extremum
1127 1111 1243 1183 finem

182 1229 258 1326 agri
276 1228 434 1297 larinatis
448 1227 641 1296 ducentem
656 1227 695 1293 in
708 1223 924 1293 Sallentinos
942 1225 1137 1294 exercitum
1149 1229 1246 1294 Han·

175 1338 336 1410 -nibalem
347 1360 430 1406 cum
440 1334 615 1432 expeditis
629 1332 840 1405 cohortibus
854 1331 1003 1402 adortus
1015 1337 1053 1403 C.
1066 1333 1243 1405 Hostilius

179 1445 342 1519 Tubulus
357 1445 598 1540 incomposito
613 1443 745 1539 agmini
761 1440 959 1513 terribilem
973 1442 1170 1513 tumultum
1188 1445 1244 1514 in-

182 1553 274 1623 tulit.
304 1552 357 1622 Ad
387 1566 544 1652 quatuor
568 1551 676 1621 millia
705 1550 896 1621 hominum
923 1552 1077 1640 occidit,
1106 1577 1243 1625 novem

180 1665 281 1761 signa
302 1661 466 1732 militaria
487 1663 592 1758 cepit.
611 1667 772 1733 Moverat
795 1686 839 1732 ex
859 1650 1019 1732 bibernis
1041 1659 1243 1735 adsumam

181 1773 295 1844 hostis
312 1776 355 1862 Q,
368 1771 558 1858 Claudius,
578 1773 642 1866 qui
664 1796 731 1868 per
753 1771 862 1842 urbes
885 1776 958 1869 agri
979 1771 1157 1843 sallentini
1182 1798 1243 1847 ca-

183 1898 256 1955 'stra
273 1883 445 1979 disposita
461 1880 617 1953 babebat
631 1909 639 1951 ε
655 1885 797 1978 itaque,
813 1908 859 1953 ne
876 1907 959 1953 cum
978 1881 1123 1954 duobus
1136 1907 1243 1956 exer·

183 1992 313 2064 ritibus
331 1993 440 2062 simul
466 1992 694 2088 confligeret,
721 1991 898 2064 Hannibal
922 2007 1030 2064 nocte
1058 2007 1173 2063 castra
1199 2019 1245 2066 ex

183 2128 270 2199 agro
296 2105 476 2173 tarentino
498 2105 631 2188 movit,
655 2119 765 2198 atque
791 2105 831 2172 in
857 2105 1014 2175 Bruttios
1039 2106 1243 2175 concessit:

183 2213 355 2285 Claudius
380 2214 419 2282 in
440 2213 654 2296 Sallentinos
675 2238 802 2311 agmen
823 2216 1026 2285 convertit:
1047 2214 1247 2305 Hostilius,

184 2327 504 2422 Capuampetens,
520 2322 649 2395 obvius
664 2323 708 2394 ad
720 2325 912 2395 Venusiam
927 2321 969 2392 lit
981 2322 1123 2394 consuli
1135 2323 1245 2395 Clau-

184 2432 255 2504 dio.
277 2432 331 2505 lbi
348 2458 392 2504 ex
406 2449 563 2530 utroque
582 2434 743 2504 exercitu
763 2434 876 2504 electa
897 2434 1059 2531 peditum
1083 2432 1247 2530 quadra-

185 2545 282 2641 ginta
298 2544 426 2632 millia,
443 2544 517 2614 duo
535 2543 645 2615 millia
666 2560 700 2614 et
720 2546 908 2642 quingenti
931 2545 1087 2640 equites,
1108 2543 1249 2638 quibus

117 2734 120 2741 ¹
185 2655 312 2726 consul
337 2655 505 2726 adversus
527 2654 774 2725 Hannibalem·
791 2680 866 2725 rem
890 2668 1061 2751 gereret:
1084 2652 1250 2749 reliquas

184 2767 304 2863 copias
320 2767 491 2836 Hostilius
507 2768 667 2861 Capuam
690 2764 822 2836 ducere
836 2765 976 2859 jussus,
996 2779 1036 2834 ut
1057 2766 1100 2853 Q.
1116 2764 1248 2835 Fulvio

150 2928 165 2943 ..
183 2876 388 2972 proconsuli
407 2875 574 2944 traderet.

230 2990 320 3054 XLI.
342 2984 537 3071 Hannibal,
552 2984 716 3080 undique
730 2998 917 3056 contracto
934 2984 1114 3073 exercitu,
1131 3008 1246 3080 quem

170 3093 220 3163 -in
238 3092 402 3163 hibernis
423 3094 538 3163 autin
558 3094 730 3190 praesidiis
754 3098 826 3192 agri
846 3093 974 3165 bruttii
989 3093 1188 3182 habuerat,
1207 3096 1249 3165 in

181 3206 349 3271 Lucanos
367 3202 410 3271 ad
430 3206 671 3273 Grumentum
692 3208 811 3291 venit,
833 3223 896 3304 spe
918 3203 1116 3303 recipiendi
1134 3207 1248 3303 oppi-

182 3309 247 3394 da,
267 3334 346 3406 quae
365 3306 431 3407 per
445 3326 581 3383 metum
598 3314 642 3384 ad
665 3320 848 3386 Romanos
864 3314 1089 3387 defecissent.
1105 3314 1248 3388 Eodem

183 3423 375 3490 alienusia
394 3422 519 3492 consul
538 3449 710 3495 romanus
729 3426 921 3522 exploratis
941 3424 1131 3497 itineribus
1156 3449 1247 3497 cou-

178 3530 317 3615 tendit,
345 3546 380 3601 et
402 3533 498 3603 mille
523 3531 597 3606 fere
616 3551 652 3605 et
673 3537 892 3632 quingentos
911 3560 1035 3633 passus
1055 3549 1172 3605 castra
1199 3535 1249 3607 ab

182 3637 286 3710 hoste
305 3641 409 3713 locat.
433 3647 624 3714 Grumenti
642 3646 825 3717 moenibus
844 3671 959 3743 prope
978 3646 1184 3740 injunctum
1199 3647 1249 3714 vi·

182 3749 337 3822 debatur
356 3757 553 3824 Poenorum
568 3755 744 3826 vallum¹:
764 3757 957 3855 quingenti
980 3779 1104 3853 passus
1129 3756 1247 3826 inter-

182 3918 254 3997 quem
269 3944 349 3980 tamen
365 3933 445 3981 locum
462 3935 543 3981 Burm.
561 3945 631 3982 notat
643 3936 687 3984 Ri-
731 3936 804 3984 etiam
817 3948 921 4000 utroque
933 3934 1009 3984 modo
1022 3937 1112 4001 passim
1125 3936 1248 4000 loquutus

181 4010 250 4060 vium
268 4012 300 4059 ad
317 4012 372 4061 Sall.
389 4016 446 4077 Jng.
467 4014 499 4060 38
519 4013 619 4073 dooere,
636 4031 689 4062 nou
733 4026 778 4063 est.
798 4016 844 4062 En.

183 4090 594 4155 semperhocaffleobservnum.
607 4093 689 4142 Livius
741 4080 744 4085 ⁴
768 4094 828 4143 Car.
845 4094 913 4147 xm.
934 4108 956 4141 1.
979 4084 1111 4141 Grumenti
1126 4092 1248 4147 mittis
