2768 4574
204 346 274 416 ιιι
624 345 669 410 ι.
705 344 848 411 mvn
955 358 959 364 ·
1125 316 1255 427 ῢῑὲῑὲἷὲῖ

205 473 461 564 Syracusarum
469 478 682 534 ornamenta
690 475 919 558 aequaverint
928 462 997 532 Sed
1006 485 1145 556 majore
1152 485 1296 549 animo·

160 602 163 608 ·
205 577 348 674 generis
369 575 447 670 ejus
473 574 594 670 praeda
615 572 792 645 abstinuit
815 571 945 643 Fabius
956 598 1116 696 ,quam
1120 573 1282 645 Mareel-

203 687 281 774 lus,
304 687 368 782 qui
387 685 624 781 interroganti
643 669 805 770 scribae3,
823 682 913 778 quid
928 681 1053 753 fieri
1028 682 1137 779 signis
1150 682 1279 770 vellet,

203 797 383 897 (ingentis
406 794 666 893 magnitudinis
684 795 733 864 dii
750 809 853 880 sunt,
874 820 941 864 suo
964 795 1122 891 quisque
1146 793 1282 865 habitu

204 912 243 980 in
255 908 411 979 modum
426 908 669 1005 pugnantium
688 903 856 998 formati)
882 908 968 977 deos
988 913 1097 976 iratos
1116 911 1282 976 Tarenti·

204 1026 260 1088 nis
279 1017 436 1113 relinqui
450 1017 564 1110 jussit.
592 1019 720 1086 Murus
746 1016 853 1105 inde,
876 1018 940 1113 qui
964 1016 1095 1088 urbem
1120 1016 1282 1094 abarce

203 1128 414 1214 dirimebat,
430 1128 573 1198 dirutus
592 1142 645 1198 est
664 1151 705 1197 ac
720 1127 902 1222 disjectus.
922 1126 1111 1200 Dumhaec
1125 1129 1297 1205 Tarenti,

135 1310 138 1315 ,
201 1253 379 1337 aguntur,
398 1236 577 1307 Hannibal
595 1238 655 1325 iis,
678 1238 743 1334 qui
756 1237 969 1308 Cauloniam
987 1236 1223 1325 obsidebant,
1241 1240 1300 1323 in·

201 1351 426 1422 deditionem
454 1350 630 1445 acceptis,
657 1348 779 1420 audita
805 1350 1092 1447 oppugnatione!
1106 1350 1308 1443 Tarenti,

200 1461 277 1531 dies
293 1473 494 1554 noctesque
514 1460 648 1530 cursim
667 1460 809 1556 agmine
825 1473 924 1548 acto,
943 1483 1081 1556 quum,
1100 1457 1283 1531 festinans

202 1569 248 1641 ad
266 1595 374 1696 opem
393 1568 580 1641 ferendam
590 1585 762 1669 ,captam
777 1569 908 1642 urbem
922 1569 1100 1658 audisset;
1115 1575 1191 1642 «Et
1204 1576 1282 1643 Ro

202 1684 351 1770 «mani,
371 1684 513 1779 inquit,
540 1708 646 1752 suum
672 1681 914 1753 Hannibalem
938 1680 1102 1751 babent:
1122 1664 1281 1770 eadem,

201 1825 219 1858 «
232 1819 304 1890 qua
318 1819 545 1890 ceperamus,
559 1809 634 1864 arte
643 1800 840 1865 Tarentum
850 1794 1044 1863 amisimus.
1056 1822 1073 1858 ι
1086 1795 1141 1864 Ne
1152 1807 1282 1864 tamen

203 1904 373 2002 fugientis
383 1902 495 1974 modo
505 1906 724 1977 convertisse
740 1930 870 2003 agmen
881 1905 1086 1993 videretur,
1101 1928 1178 2000 quo
1192 1929 1282 1975 con·

202 2017 370 2085 stituerat
390 2013 514 2102 locol,
533 2017 697 2112 quinque
714 2015 959 2089 milliaferme
975 2014 1021 2087 ab
1041 2012 1135 2086 urbe
1153 2017 1284 2112 posuit

202 2138 319 2195 castra
341 2151 349 2192 ε
375 2121 426 2194 ibi
444 2149 579 2223 paucos
601 2143 763 2198 moratus
792 2126 887 2215 dies,
912 2132 1178 2226 Metapontum.
1198 2152 1283 2201 sese
1308 2205 1312 2210 ,

200 2235 351 2331 recepit.
372 2234 462 2306 Inde
481 2235 573 2306 duos
595 2239 867 2334 Metapontinos
892 2262 975 2308 cum
1001 2239 1114 2310 literis
1135 2239 1281 2336 princi-

200 2369 290 2441 pum
309 2347 386 2440 ejus
401 2347 551 2417 civitatis
570 2346 615 2417 ad
633 2347 783 2419 Fabium
798 2354 994 2419 Tarentum
1015 2349 1148 2433 mittit,
1164 2346 1284 2420 fidem
1308 2430 1311 2434 ‚

199 2455 251 2527 ab
273 2456 420 2528 consule
443 2474 675 2554 accepturos,
701 2459 883 2557 impunita
907 2459 950 2528 iis
974 2459 1096 2556 priora
1119 2455 1224 2547 fore,
1251 2460 1282 2530 si
1305 2540 1310 2549 ,

225 2666 264 2715 ’3.
287 2666 454 2729 Interroganta'
473 2667 559 2715 scribae
564 2701 623 2716 .....
625 2668 713 2734 jussit,
760 2667 877 2726 deorum,
895 2668 944 2715 nisi
967 2666 1150 2732 impugnantis
1169 2669 1283 2732 speciem

197 2744 278 2791 'immo
291 2744 457 2808 interrogante
467 2745 562 2801 scriba,-
575 2748 651 2794 Drak.
664 2747 715 2794 vid.
760 2747 891 2794 formatum
899 2746 1046 2794 exhibuisse.
1057 2745 1173 2794 Creverio
1179 2747 1285 2797 videtur

198 2825 235 2872 ad
247 2825 427 2884 XLII,28‚n.
440 2840 510 2873 1.-
526 2824 592 2886 Quid
591 2825 654 2892 steri
666 2825 716 2890 (de)
760 2841 811 2872 rem
834 2824 968 2890 elegantius
992 2840 1100 2872 narrasse
1123 2825 1283 2878 Plutarchus.

201 2903 277 2970 signis
289 2903 375 2960 vellet,
390 2914 418 2950 ut
432 2902 551 2965 quidnam
566 2918 592 2950 se
601 2903 717 2968 firtnrnm
760 2906 899 2967 Interrogat
915 2904 1009 2952 scilicet
1027 2903 1121 2962 scriba,
1140 2920 1196 2952 non
1219 2908 1284 2971 qnid

201 2995 266 3032 esset
286 2983 418 3038 XXXIII,
440 2996 471 3040 ²7
497 2992 557 3027 extr.
580 2992 604 3028 et
629 2983 717 3030 similia
762 2984 792 3030 ds
802 2982 889 3048 signis
905 2983 949 3030 sed
962 2983 1024 3046 quid
1034 2982 1065 3030 de
1078 2982 1124 3030 diis
1135 2981 1192 3032 fieri
1204 2987 1285 3036 vellet

200 3064 269 3128 inpr.
286 3060 352 3125 apud
365 3060 444 3112 Plant.
463 3069 487 3105 et
504 3060 602 3106 Terent.
616 3063 717 3109 Veteres
760 3061 858 3110 Fabius.
880 3063 928 3110 Hic
950 3079 1009 3109 vero
1027 3062 1098 3122 jubet
1119 3061 1211 3110 deos
1202 3077 1284 3114 natos

205 3143 297 3191 dixisse
311 3151 335 3187 et
351 3137 413 3202 qnid
425 3136 555 3204 mefietet
571 3138 633 3202 qnid
643 3141 714 3197 miti,
761 3142 901 3190 Tarentinis
925 3141 1039 3205 relinqui.
1063 3141 1188 3190 caeterum
1213 3144 1284 3194 haud

201 3221 243 3269 vel
259 3219 321 3283 qnid
329 3215 436 3282 faciatis
451 3215 497 3262 ltoc
511 3202 608 3264 domine
623 3230 648 3267 et
660 3219 717 3268 ltuie
761 3222 832 3269 facile
845 3223 900 3285 qula
918 3222 985 3269 hunc
1001 3221 1083 3268 locum
1097 3221 1208 3285 corrigat
1222 3242 1284 3290 sup·

205 3297 311 3355 homini,
329 3297 402 3342 docet
416 3295 491 3344 orat.
512 3296 588 3344 adh
605 3298 623 3345 l
640 3301 716 3358 etII‚
761 3300 867 3365 pleatve.
883 3303 929 3349 En.
948 3299 1040 3348 -Dii
1059 3299 1176 3366 (deornm
1190 3302 1285 3369 signs)

205 3381 237 3426 31
249 3410 257 3436 ‚
274 3393 299 3423 n.
316 3377 346 3436 83
357 3376 481 3434 XXXIV,
497 3377 545 3435 32,
563 3393 588 3424 ιι.
602 3378 658 3437 83
650 3395 714 3442 1npr.
759 3391 827 3436 sunt,
840 3391 984 3437 nouerant,
994 3380 1052 3443 qnia
1062 3380 1186 3429 exstitisse
1197 3383 1284 3433 adhuc

204 3457 284 3513 XLV,
299 3455 344 3517 39,
366 3471 391 3501 n.
409 3461 438 3512 t,
457 3465 482 3502 et
498 3457 594 3503 Manus.
612 3456 648 3503 ad.
662 3457 715 3505 Cic.
759 3459 823 3506 Livii
834 3470 905 3507 aetate
917 3459 1048 3521 videntum
1061 3460 1135 3508 Doer.

204 3538 276 3584 Verr.
288 3537 313 3593 I,
330 3535 369 3581 16.
390 3537 428 3580 De
447 3550 473 3581 re
493 3535 547 3598 ipsa
565 3535 631 3582 conf.
650 3537 715 3584 Plut.
796 3546 820 3593 4.
833 3539 886 3598 Quo
896 3539 1055 3586 constituerat
1065 3540 1133 3595 loeo,
1144 3538 1285 3592 subsistere

204 3615 263 3663 Fab.
280 3632 305 3678 p.
322 3614 379 3673 187.
396 3613 463 3673 Quid
470 3613 534 3680 fieri
549 3613 624 3678 signis
641 3615 717 3661 vellet
761 3627 893 3677 statuerat,
905 3619 944 3666 vel
955 3619 1102 3666 sustinuerat
1116 3634 1129 3666 a
1143 3621 1286 3683 pmeeden·

204 3694 310 3760 ingentis.
327 3691 510 3758 magnitudinis.
527 3691 571 3738 Dii
584 3704 653 3750 sunt,
669 3704 716 3741 etc.
762 3695 812 3755 do,
830 3707 893 3745 stare
914 3714 943 3744 ae
961 3698 1069 3756 morarI,
1093 3698 1133 3745 vel
1152 3700 1287 3750 modicam

205 3775 370 3839 distinguebat
378 3771 497 3821 Roellius.
508 3771 612 3834 Aliquid
622 3772 663 3819 hic
675 3772 717 3820 de·
761 3775 869 3838 quietem
880 3792 966 3840 capere
975 3778 1094 3837 iusserat,
1109 3777 1165 3827 scil.
1176 3794 1288 3844 agmen,

203 3867 333 3920 provatum
347 3850 388 3899 vel
402 3851 519 3897 omissum
531 3866 598 3909 esse,
610 3851 718 3915 suspica·
762 3853 820 3901 dnm
833 3866 976 3919 properaret
992 3855 1024 3902 ad
1040 3855 1201 3920 liber—andum
1217 3860 1289 3910 ohsi-

205 3935 297 3982 bantur
311 3935 383 3981 Crev.
397 3940 422 3977 et
437 3929 512 3976 Drak.
526 3954 562 3966 -n
577 3928 637 3983 Non
652 3932 717 3978 enim
762 3933 837 3981 dione
843 3936 987 3994 Tarentnm3
997 3937 1075 3985 Gron.
1086 3936 1162 3984 Conf.
1171 3939 1227 3999 ΠΙ,
1242 3956 1289 4005 27,

204 4011 337 4061 verisimile
355 4019 392 4056 est
409 4008 491 4055 omnia
510 4009 631 4057 tarentina
648 4011 717 4074 signa
760 4027 786 4060 n.
796 4011 827 4072 63
839 4015 995 4071 XXXVIII,
1007 4014 1054 4072 25,
1071 4031 1096 4061 n.
1113 4014 1145 4075 5,
1165 4028 1193 4066 et
1205 4020 1289 4069 Drak.

199 4090 309 4154 r'ngentis
317 4087 494 4154 magnitudinis
502 4088 584 4150 fnisse,
592 4100 617 4139 et
623 4090 716 4143 nullutn
760 4091 786 4138 h.
795 4092 814 4139 t
823 4091 969 4142 Constiterat
979 4094 1010 4142 al.
1021 4109 1074 4164 non
1084 4093 1200 4160 improb.
1211 4099 1291 4161 Cres.
