2768 4574
200 340 271 431 47⁰
428 398 432 404 ,
625 337 664 400 r.
689 335 825 403 uivu
874 376 884 405 ,
1110 312 1229 422 atat

198 459 208 524 i
213 481 274 551 pse
288 453 438 524 navibus
452 453 807 550 longisquadraginta
823 453 1036 522 maritimam
1051 477 1167 541 oram,
1181 460 1256 551 qui-

200 565 269 635 bus
289 563 422 634 finibus
441 576 585 634 senatus
602 564 812 646 censuisset,
831 575 1017 633 tutaretur.
1033 567 1081 631 M.
1099 566 1256 660 Pompo-

200 677 263 744 nio
279 673 422 771 praetori
438 668 475 741 in
487 672 603 742 Sicilia
613 672 799 743 cannensis
812 673 988 742 exercitus
1003 671 1082 740 duae
1098 672 1256 768 legiones

199 785 360 855 decretae.
383 788 421 852 Τ.
436 783 606 873 Quintius
620 787 831 866 Tarentum,
855 785 893 851 C.
909 781 1079 852 Hostilius
1092 782 1256 854 Tubulus

200 901 377 991 Capuam,
395 907 653 990 propraetores,
676 894 767 962 sicut
790 893 910 989 priore
934 917 1031 962 anno
1041 903 1068 980 ²,
1091 918 1173 962 cum
1197 919 1255 964 ve-

198 1019 274 1075 tere
296 1019 449 1100 uterque
468 1001 651 1100 praesidio,
670 1002 886 1073 obtinerent.
912 1006 966 1072 De
986 1003 1162 1100 Hispaniae
1187 1004 1257 1071 im-

195 1116 310 1213 perio,
324 1138 415 1210 quos
429 1114 467 1182 in
480 1136 558 1182 earn
572 1112 791 1209 provinciam
805 1111 896 1182 duos
912 1110 1148 1208 proconsules
1162 1114 1256 1183 mitti

196 1225 369 1323 placeret,
397 1223 510 1292 latum
532 1221 576 1291 ad
595 1222 773 1318 populum
793 1236 856 1292 est.
879 1226 1014 1291 Omnes
1033 1221 1149 1292 tribus
1175 1248 1254 1292 eos-

195 1336 295 1421 dem,
310 1338 349 1404 L.
373 1332 582 1404 Cornelium
602 1332 796 1402 Lentulum
822 1346 858 1402 et
878 1337 917 1402 L.
938 1331 1111 1400 Manlium
1136 1332 1256 1402 Acidi-

194 1469 302 1530 num,
318 1437 588 1547 proconsules3,
603 1443 693 1511 sicut
709 1443 829 1537 priore
845 1466 941 1511 anno
961 1443 1178 1527 tenuissent,
1196 1441 1257 1511 ob·

108 1556 111 1561 ’
194 1555 309 1623 tinere
336 1577 395 1622 eas
420 1551 620 1647 provincias
649 1551 843 1644 jirsserunt.
874 1551 1047 1621 Consules
1075 1550 1254 1622 delectum

195 1662 329 1733 habere
344 1663 597 1749 instituerunt,
619 1675 655 1731 et
674 1660 719 1731 ad
736 1685 849 1731 novas
869 1659 1074 1737 scribendas
1093 1662 1129 1729 in
1150 1667 1254 1731 Brut-

195 1772 263 1840 tios
275 1771 445 1868 legioneS,
462 1785 497 1840 et
511 1772 549 1838 in
563 1785 774 1841 caeterorum
786 1772 853 1864 (ita
865 1773 961 1840 enirn
968 1771 1056 1864 jussi
1068 1770 1113 1840 ab
1128 1785 1254 1842 senatu

195 1878 317 1971 erant)
343 1882 568 1951 exercituum
587 1881 892 1978 supplementum.

241 1995 333 2061 XIV.
362 1995 577 2088 Quanquam
598 1991 763 2062 nondum
789 2007 911 2089 aperte
929 1987 1046 2062 Africa
1068 1993 1253 2089 provincia

196 2103 338 2172 decreta
363 2115 438 2170 erat
461 2100 744 2196 (occultantibus
770 2100 825 2187 id,
849 2100 976 2189 credo,
1000 2100 1184 2185 Patribus,
1208 2128 1255 2172 ne

195 2214 460 2307 praesciscerent
477 2210 979 2308 Carthaginienses1),tamen
1001 2212 1038 2278 in
1056 2235 1134 2280 eam
1153 2235 1253 2307 spem

196 2334 315 2390 erecta
336 2320 457 2388 civitas
477 2334 569 2406 erat,
584 2321 622 2388 in
640 2317 757 2390 Africa
773 2345 816 2389 eo
835 2345 931 2389 anno
950 2317 1166 2389 debellatum
1187 2321 1252 2405 iri,

101 2446 106 2458 ·
194 2428 378 2523 finemque
399 2425 497 2496 bello
514 2430 649 2523 punico
672 2427 805 2498 adesse.
827 2427 1040 2525 Impleverat
1058 2453 1098 2498 ea
1113 2453 1170 2497 res
1192 2453 1252 2497 su-

195 2536 448 2634 perstitionum
472 2537 628 2624 animos,
646 2537 825 2632 pronique
849 2550 884 2606 et
909 2536 954 2606 ad
975 2537 1197 2623 nuntianda,
1217 2553 1253 2608 et

196 2647 241 2717 ad
262 2644 442 2715 credenda
463 2643 624 2740 prodigia
650 2660 763 2716 erant.
794 2650 847 2715 Eo
870 2647 974 2743 plura
1000 2648 1251 2744 vulgabantur.

139 2827 148 2834 ,
196 2760 298 2825 Duos
315 2751 406 2824 soles
424 2759 556 2841 visust,
571 2770 606 2823 et
622 2771 724 2825 nocte
744 2755 986 2843 interlunium
1005 2761 1172 2847 etfucem
1191 2763 1254 2828 Se-

195 2977 219 3013 et
231 2965 324 3019 XXX,
341 2978 367 3020 1,
380 2962 506 3026 probabile
522 2975 570 3022 est,
582 2981 638 3010 cum
650 2981 702 3012 non
746 2966 775 3012 T.
783 2966 897 3027 Quintius
907 2966 1065 3026 Flamininum
1076 2966 1127 3014 vid.
1138 2968 1255 3026 XXXII,

194 3048 227 3090 ita
235 3042 316 3089 'multo
327 3040 393 3104 post,
404 3043 528 3103 provincia
538 3042 566 3089 C.
573 3043 702 3090 Scribonio
749 3061 772 3103 7.
779 3070 813 3079 -
821 3046 893 3090 Hunc
903 3055 981 3091 tamen
991 3046 1104 3108 intelllgit
1112 3048 1253 3104 Creverius;

196 3121 297 3175 tradita,
312 3122 414 3165 Romam
432 3119 463 3164 nd
480 3135 605 3165 censuram
619 3132 703 3183 peten-
746 3139 802 3168 nani
812 3120 864 3168 fieri
874 3124 956 3185 potuit
965 3135 991 3170 ut
1001 3123 1116 3172 Claudius
1124 3134 1253 3186 postquam

198 3201 252 3246 clam
269 3184 383 3244 rediisse:
397 3208 421 3243 et
440 3199 519 3259 potnit
537 3199 559 3244 ei
576 3200 703 3260 provincia
746 3201 769 3247 ei
784 3211 940 3263 prorogatum
961 3202 1089 3264 ImperIum
1105 3204 1194 3257 fuerat,
1214 3205 1253 3250 vel

196 3277 338 3341 prorogarI,
356 3275 436 3338 quoad
449 3290 574 3323 successor
584 3279 703 3336 venisset3
747 3289 886 3337 moreretur,
897 3279 936 3325 vel
945 3279 1026 3340 aliquo
1036 3295 1091 3326 casu
1102 3291 1144 3326 aut
1154 3283 1254 3342 negotio

200 3355 291 3415 Duker.
747 3357 878 3421 impeditus
891 3374 904 3404 e
916 3359 1043 3420 provincia
1060 3359 1200 3418 decesserit,
1219 3363 1253 3407 ei-

149 3496 158 3509 Ι
231 3450 255 3479 s.
278 3434 304 3480 T.
318 3429 430 3492 Quintius
446 3433 573 3476 Tarentum
580 3464 638 3478 .....
644 3433 706 3479 sicut
747 3453 795 3498 qne
816 3451 939 3483 successor
957 3438 1071 3498 Quintius
1093 3439 1179 3484 missus
1201 3439 1253 3486 fuc-

145 3510 149 3517 ‘
193 3512 279 3577 priore
301 3524 380 3563 atino,
402 3509 470 3571 quoii
498 3521 577 3556 tamen
603 3511 701 3567 Livius,
745 3517 784 3562 rit.
798 3517 844 3563 Eu.

197 3590 322 3644 XXVIII,
340 3603 369 3633 10
384 3598 408 3634 et
423 3587 468 3644 45,
484 3599 599 3634 annotare
611 3589 701 3636 oblitus
781 3595 804 3640 3.
823 3596 854 3638 In
875 3610 928 3639 eant
943 3593 1094 3656 provinciam
1111 3595 1253 3657 Hispaniam

197 3681 247 3725 est,
259 3679 283 3715 et
294 3683 359 3712 nunc
371 3678 501 3725 memorat,
513 3666 582 3729 quasi
591 3683 635 3713 suo
646 3669 702 3714 loco
745 3671 805 3717 duos
816 3673 971 3734 proconsules
984 3672 1252 3735 mitti...proconsules,

197 3745 343 3812 tradidisset.
354 3744 384 3791 Id
398 3743 534 3806 frequenter
547 3745 582 3801 ei,
593 3746 700 3792 multitu·
746 3760 791 3796 etc.
802 3746 858 3795 vide
868 3748 899 3794 ad
910 3750 1035 3806 XXVIII,
1052 3751 1100 3806 38,
1113 3767 1138 3796 n.
1151 3759 1174 3803 4.

197 3823 254 3871 dine
269 3839 363 3879 rerum,
382 3826 436 3885 quae
451 3823 603 3886 exponendoe
618 3838 701 3883 erant,
780 3827 842 3873 Car.
852 3827 921 3872 XIV.
935 3842 955 3873 1.
966 3827 1004 3872 Ne
1007 3828 1188 3891 praesciscerenc
1196 3830 1253 3875 Car·

197 3903 264 3962 quasi
271 3901 368 3958 obruto,
378 3899 495 3959 evenisse,
504 3902 616 3949 observat
624 3904 699 3951 Periz.
745 3904 915 3969 thagim'ensen
923 3922 948 3952 v.
955 3909 1064 3959 XXVII,
1074 3907 1147 3964 35,n.
1157 3915 1180 3962 l.
1188 3911 1253 3956 Pru·-

200 3979 280 4026 Auirn.
296 3968 353 4024 hiit.
365 3993 418 4040 cap.
430 3986 460 4034 4,
477 3996 502 4041 p.
513 3981 576 4046 168,
594 3983 650 4041 169.
660 3983 700 4028 An
743 3984 883 4040 scriberent,
889 3986 1030 4047 praescirent
1040 3998 1063 4033 et
1072 3987 1185 4034 rescirent
1193 3988 1223 4034 al.

195 4055 323 4120 legendum
335 4055 652 4116 Q.Claudius.³iiertenon
665 4073 701 4108 est
744 4090 747 4095 ·
781 4078 805 4110 a.
819 4065 885 4110 Duos
904 4065 965 4110 soles
983 4064 1066 4121 visos,
1087 4077 1133 4112 etc.
1150 4065 1207 4112 vide
1221 4067 1252 4112 ad
