2768 4574
180 363 250 436 270
609 337 646 404 r.
678 337 820 404 mvn
1095 311 1226 424 ttae

179 484 334 559 sumque
360 457 460 557 plebi
484 455 677 528 Claudium
701 455 856 543 lecerat,
876 471 912 527 et
932 458 1007 550 jam
1024 455 1070 527 de
1089 457 1255 555 imperio

180 574 392 675 abrogando
402 570 501 670 ejus⁵
516 571 660 671 agebat3
676 597 791 670 quum
803 587 926 643 tamen
937 573 1130 643 necessarii
1139 572 1256 644 Clau·

179 688 229 760 dii
244 686 501 773 obtinuerunt,
515 698 575 770 ut,
589 683 717 755 relicto
726 683 894 755 Venusiae
906 682 1042 781 legate,
1056 682 1259 757 Marcellus

178 803 328 868 Romam
349 794 485 867 rediret
499 793 546 864 ad
564 788 775 890 purganda6
791 818 853 880 ea,
873 817 954 889 quae
970 793 1105 864 inimici
1118 793 1257 867 decer-

178 920 329 992 nerent,
343 928 412 975 nec
426 902 472 974 de
487 903 641 1000 imperio
656 903 736 996 ejus
748 901 975 1005 abrogando,
991 902 1141 976 absente
1153 906 1257 1003 ipso,

179 1030 357 1116 ageretur.
377 1022 485 1086 Forte
504 1012 573 1085 sub
594 1013 691 1084 idem
710 1029 854 1111 tempus
873 1028 909 1086 et
923 1015 1114 1088 Marcellus
1129 1016 1178 1088 ad
1194 1018 1260 1090 de-

178 1125 399 1228 precandam
411 1125 665 1223 ignominiam,
681 1139 718 1196 et
729 1129 774 1218 Q.
783 1125 929 1197 Fulvius
942 1126 1071 1197 consul
1083 1128 1260 1199 comitio·

177 1263 258 1310 rum
276 1262 383 1309 causa
397 1243 550 1308 Romam
564 1237 673 1306 venit.
1226 1248 1233 1324 ζ

227 1352 324 1419 XXI.
346 1351 478 1419 Actum
491 1345 536 1417 de
552 1346 708 1444 imperio
722 1345 881 1417 Marcelli
895 1347 933 1417 in
949 1348 1062 1419 circo1
1071 1348 1259 1423 Flaminio

178 1474 234 1532 est
252 1459 393 1557 ingenti
412 1481 594 1528 concursu
610 1455 800 1554 plebisque
815 1473 851 1529 et
869 1460 1036 1529 omnium
1052 1458 1232 1532 ordinum
1247 1488 1258 1551 ;

178 1571 433 1667 accusavitque
456 1566 626 1638 tribunus
647 1565 765 1665 plebis
788 1593 866 1638 non
884 1569 1093 1640 Marcellum
1114 1571 1258 1660 moda,

178 1680 243 1754 sed
256 1705 403 1751 omnem
417 1678 656 1750 nobilitatem.
676 1679 823 1749 Fraude
837 1704 963 1749 eorum
976 1696 1013 1750 et
1023 1687 1261 1752 cunctatione

166 1795 274 1889 fieri,
297 1807 338 1861 ut
351 1788 546 1860 Hannibal
557 1789 738 1859 decimum
746 1792 832 1885 jam
846 1815 985 1861 annum
1002 1790 1150 1862 Italiam
1160 1818 1260 1889 pro·

180 1909 333 1974 vinciam
352 1900 535 1986 habeat²;
560 1899 781 1988 dicantar,
802 1926 915 1997 quam
938 1901 1170 1996 Carthagine,
1192 1910 1258 1973 vi·

177 2010 305 2085 aerit3.
335 2010 484 2081 Habere
495 2012 663 2100 fructum
691 2016 835 2109 imperii
853 2019 1048 2109 prorogati
1072 2015 1257 2085 Marcello

169 2124 355 2224 populum
368 2146 563 2191 romanum
576 2147 587 2188 .·
606 2121 660 2191 bis
673 2146 809 2193 caesum
822 2129 1021 2193 exercitum
1035 2125 1112 2218 ejus
1124 2131 1258 2197 certina

182 2228 353 2306 Vcenurioe
370 2231 438 2302 sub
453 2236 550 2301 tectis
571 2256 689 2327 agere.
706 2238 808 2304 Hanc
824 2233 964 2304 tribuni
980 2235 1186 2305 orationem
1203 2236 1259 2307 ita
1348 2242 1351 2247 ’

178 2342 329 2415 obruitl
347 2341 541 2412 Marcellus
560 2345 908 2416 commemoratione
930 2369 1054 2415 rerum
1078 2368 1256 2435 suarum,

177 2470 220 2525 nt
238 2479 313 2524 non
330 2453 471 2551 rogatio
491 2453 611 2523 solum
630 2451 676 2524 de
691 2454 846 2551 imperio
861 2455 940 2550 ejus
954 2453 1167 2553 abrogando
1183 2480 1257 2527 an-

176 2567 403 2663 tiquaretur,
432 2565 496 2634 sed
521 2577 670 2662 postero
699 2563 757 2635 die
784 2566 972 2638 consulem
1000 2591 1084 2637 eum
1109 2566 1259 2662 ingenti

175 2701 359 2749 consensu
380 2677 552 2747 centuria
575 2699 701 2746 omnes
729 2691 906 2747 crearent.
933 2675 1089 2747 Additur
1111 2676 1259 2776 collega

175 2794 216 2860 T.
233 2789 404 2881 Quintius
426 2788 633 2884 Crispinus,
654 2787 719 2883 qui
737 2801 816 2856 tum
833 2800 967 2885 praetor
989 2801 1078 2857 erat.
1099 2791 1259 2860 Postero

213 2982 237 3029 5.
264 2983 301 3028 De
319 2979 424 3044 imperio
450 2978 596 3042 abrogando
621 2979 687 3042 ejus,
735 2979 791 3027 vide
801 2979 966 3040 adlibrum1‚
979 2980 1195 3046 cap.6,n.6,et
1208 2982 1261 3035 lib.

175 3063 252 3109 Immo
266 3058 301 3115 ei,
313 3069 341 3105 ut
352 3069 376 3104 et
387 3071 462 3104 mox:
474 3057 542 3119 quod
553 3057 594 3104 hit
607 3069 690 3105 osten·
735 3060 785 3117 111,
798 3075 852 3122 cap.
865 3059 911 3117 54,
926 3076 952 3107 n.
964 3060 988 3106 8.

175 3141 214 3187 dit
226 3141 279 3204 ipse
290 3137 386 3202 positus
400 3136 567 3199 pronominis;
578 3137 689 3186 Gronov.
770 3153 795 3186 2.
805 3138 910 3186 Italiam
914 3139 1069 3203 provinciam
1078 3137 1190 3199 habeam·
1202 3142 1262 3193 vid.

174 3219 250 3268 Conf.
264 3216 296 3263 ad
308 3217 401 3272 XXII,
414 3215 460 3271 25,
475 3229 552 3261 n.10.
566 3217 630 3263 Mox
643 3232 690 3281 pro
735 3216 766 3264 ad
780 3218 819 3275 II,
833 3224 879 3277 4ο,
893 3234 919 3265 11.
930 3233 954 3279 9.

175 3313 251 3360 quum
271 3306 351 3341 tamen
372 3293 456 3355 Sigon.
478 3310 492 3339 e
512 3293 570 3340 cod.
586 3294 692 3343 malebat
772 3298 794 3344 3.
811 3296 911 3344 Diutius
927 3297 975 3354 ibi,
992 3313 1067 3361 quam
1081 3297 1263 3365 Carthagine,

175 3387 228 3423 tum
237 3385 332 3428 tamen,
343 3381 367 3418 et
377 3372 454 3418 Gron.
465 3384 616 3420 cunctanter.
734 3374 828 3422 vixerit
832 3393 842 3432 ;
852 3375 909 3422 vide
919 3392 974 3440 sup.
983 3375 1016 3424 ad
1025 3378 1104 3436 XXI,
1114 3371 1144 3436 3',
1156 3394 1184 3426 n.
1192 3395 1265 3429 α...

213 3453 238 3500 6.
260 3451 304 3498 Ad
318 3451 470 3516 purganda,
494 3451 640 3511 refellenda,
659 3469 691 3499 eu
734 3453 967 3519 Halaesinorum,
981 3456 1092 3520 accipere
1108 3457 1265 3523 praemimn,

175 3531 292 3588 crimina,
310 3530 343 3578 ob
362 3548 418 3595 quae
432 3530 525 3579 inimici
536 3532 693 3579 decernerent
733 3548 795 3581 nos:
808 3549 831 3580 es
843 3533 969 3582 beltornrne
982 3535 1029 3583 den
1042 3534 1110 3582 Loltn
1116 3553 1128 3592 ;
1139 3539 1266 3587 Beer.-

176 3612 274 3675 iniqua,
287 3611 400 3658 Gronov.
409 3619 434 3657 et
446 3611 505 3658 Em.
518 3611 592 3660 Conf.
602 3610 634 3657 ad
643 3612 688 3670 IV,
733 3612 775 3658 Bis
794 3628 884 3659 caesum
903 3613 1051 3674 exercitum,
1070 3625 1120 3662 etc.
1137 3617 1203 3666 vid.
1224 3620 1262 3669 ad

175 3691 223 3748 50,
237 3706 261 3737 n.
275 3691 298 3737 3.
311 3688 403 3737 Eadem
416 3689 562 3758 ἀκυρολογὶα
573 3689 601 3736 in
612 3690 689 3737 verbo
733 3707 787 3756 cap.
799 3707 813 3738 2
828 3703 891 3739 etin
907 3708 943 3756 sq.

170 3785 281 3836 purgare
299 3769 407 3817 occurrit
427 3771 551 3827 XXXIV,
574 3769 604 3829 5,
628 3768 692 3816 nihil
769 3778 794 3826 a.
808 3773 882 3818 Hanc
895 3772 988 3819 tribuni
1001 3771 1139 3820 orationem
1154 3774 1195 3823 ita
1211 3778 1263 3825 ob·

174 3849 336 3915 nonfurtum
345 3863 470 3913 purgare,
484 3848 511 3897 h.
522 3865 543 3894 e.
557 3847 689 3896 ostenden·
733 3849 795 3906 ruit,
809 3850 903 3897 Irritam
911 3850 1035 3909 reddidit,
1049 3852 1100 3898 vim
1109 3854 1263 3906 'recusatio-

174 3931 221 3988 do,
237 3928 300 3976 nihil
317 3928 378 3974 novi
395 3927 487 3974 factum
505 3944 567 3986 esse,
586 3944 690 3992 purgare
733 3929 772 3976 nis
780 3930 910 3978 imminuit.
923 3931 997 3979 Conf.
1007 3931 1103 3979 Ernesti
1112 3932 1186 3982 ctav.
1194 3937 1260 3987 Cic.

173 4009 291 4065 crimina,
306 4022 360 4068 quae
374 4006 500 4067 objicitis}
517 4007 593 4056 Drak.
733 4035 768 4045 -
777 4008 883 4073 [legatio
897 4011 1070 4074 antiquarencr
1079 4009 1147 4077 (vid.
1160 4013 1195 4062 ad
1204 4017 1260 4071 IV,

210 4089 272 4136 Car.
289 4087 362 4132 XXI.
380 4101 402 4131 1.
422 4088 452 4131 In
466 4086 531 4133 circo
547 4086 670 4135 Flaminio
678 4106 689 4146 ‚·
734 4088 1031 4156 58,n.10)‚sea0ttam.
