2768 4574
193 336 264 416 aot
620 328 659 392 Τ.
694 324 834 393 Ltvll
1110 300 1246 408 litii:

193 452 422 546 delegerunt,
445 444 490 516 ad
516 469 607 543 quas
629 470 673 514 ex
699 441 847 514 dotibus
873 444 1001 539 stipem
1021 440 1271 513 conferrent:

192 560 276 631 inde
291 559 430 630 donum
444 557 555 653 pelvis
571 578 678 625 aurea
693 552 802 639 facta,
816 554 960 650 lataque
974 555 1013 624 in
1024 554 1271 655 Aventinum,

192 692 357 768 pureque
377 679 413 735 et
439 679 534 735 caste
557 689 577 734 a
595 664 771 733 matronis
789 661 1039 733 sacrificatum.
1057 660 1271 735 Confestim

193 780 238 850 ad
253 776 350 848 aliud
365 772 577 845 sacrificium
596 772 713 843 eidem
731 771 819 842 divae
832 770 878 841 ab
892 768 1125 842 decemviris⁶
1142 771 1271 843 edicta

193 889 285 976 dies,
298 886 401 980 cujus
411 883 503 954 ordo
515 884 594 954 talis
604 880 688 953 fuit:
705 881 750 952 ab
766 881 841 953 tede
852 881 1028 979 Apollinis
1037 878 1154 952 boves
1164 879 1271 953 femi·

192 1024 247 1069 nae
263 995 352 1068 albae
365 994 444 1065 (luae
460 1008 564 1091 porta
575 993 792 1064 Carmentali
808 992 847 1060 in
860 990 999 1063 Urbem
1016 992 1134 1063 ductae
1152 1020 1162 1061 ι
1180 1006 1270 1090 post

192 1135 250 1180 eas
265 1107 339 1177 duo
354 1106 454 1201 signa
472 1127 661 1201 cupressea
675 1103 829 1172 iunonis
842 1104 986 1199 Reginae
1000 1100 1268 1199 portabantur3

191 1235 268 1291 tum
296 1231 433 1314 septem
461 1229 497 1285 et
517 1215 644 1311 viginti
668 1214 842 1310 virgines,
864 1213 1010 1311 longam
1035 1212 1179 1283 indutae
1202 1238 1267 1285 ve·

146 1361 150 1368 ·
191 1342 303 1408 stem,
326 1348 471 1394 cannen
492 1325 529 1392 iu
549 1328 731 1393 Junouem
747 1325 922 1419 Reginam
939 1337 1114 1394 canentes
1131 1317 1266 1415 ibant,

189 1437 250 1506 illa
273 1448 486 1531 tempestate
512 1431 661 1504 forsitan
689 1431 868 1504 laudabile
896 1431 1050 1504 rudibus
1078 1435 1266 1531 ingeniis,

190 1570 291 1616 nunc
314 1544 539 1616 abhorrens7
561 1557 597 1614 et
615 1542 859 1630 inconditum,
880 1544 909 1613 si
926 1541 1114 1614 referatur.
1137 1545 1269 1642 Virgi-

189 1682 280 1728 num
294 1656 460 1727 ordinem
480 1652 727 1750 sequebantur
743 1654 937 1725 decemviri
953 1654 1118 1725 coronati
1136 1653 1270 1726 laurea

188 1769 471 1865 praetextatique.
488 1769 635 1862 Aperta
647 1766 793 1861 iugario
808 1766 888 1834 vico
909 1766 946 1834 in
965 1763 1086 1834 fortun
1102 1789 1265 1837 venere:

189 1878 227 1946 in
247 1875 326 1946 foro
352 1898 488 1971 pompa
507 1875 690 1959 constitit,
719 1889 774 1961 et,
797 1899 863 1970 per
882 1900 1011 1944 manus
1032 1888 1129 1945 reste
1157 1875 1266 1965 data,

188 1992 345 2086 virgines
364 2013 493 2058 sonum
514 1987 632 2058 vocis⁸
657 1989 764 2084 pulsu
788 1989 924 2085 pedum
948 1988 1186 2062 modulantes
1205 1992 1265 2061 in·

191 2112 378 2170 cesserunt
396 2124 402 2165 :
423 2097 507 2166 inde
522 2099 601 2167 vico
616 2102 733 2189 Tusco
743 2097 990 2195 Velabroque,
1004 2124 1070 2197 per
1085 2104 1267 2172 Boarium

190 2319 328 2366 confectum
335 2319 587 2376 memoraturlililil,
597 2328 696 2367 raextr.
741 2320 844 2377 xx111,
861 2335 905 2379 11,
918 2336 943 2367 n.
958 2320 984 2383 7)
997 2321 1200 2385 praetextatique
1204 2339 1216 2379 ,·
1230 2324 1265 2370 es.

187 2398 253 2445 unde
265 2399 337 2445 etiam
351 2396 504 2460 intelligitur,
515 2398 610 2445 Livium
623 2399 696 2445 luisse
741 2398 965 2457 xxx111‚r,2,et
981 2398 1012 2445 atl
1029 2400 1088 2447 Tac.
1107 2400 1206 2450 Annal.
1219 2404 1264 2457 11.

100 2504 102 2508 ,
187 2477 314 2539 antiquum
326 2488 422 2540 poetam
436 2477 515 2534 illum,
530 2477 586 2540 quia
595 2488 696 2541 patrum
744 2483 790 2534 14,
802 2492 826 2525 n.
838 2484 862 2531 4.
876 2504 911 2514 -
926 2479 950 2524 A
958 2489 1035 2541 porta
1048 2478 1205 2528 Carmentali
1216 2484 1264 2528 Jee-

185 2556 302 2602 memoria
312 2571 408 2603 carmen
419 2555 450 2602 ab
461 2571 491 2602 eo
500 2556 629 2603 conditum
639 2556 696 2603 dici·
737 2555 810 2619 gario
822 2556 878 2602 vico
884 2591 893 2613 ,
908 2572 952 2620 per
962 2572 1031 2613 eum,
1046 2555 1170 2621 infimum
1179 2549 1264 2609 routa-

186 2646 240 2697 tur3
256 2636 323 2698 (lund
337 2635 412 2683 miror
422 2651 472 2682 non
482 2635 634 2700 perspexisse
644 2637 695 2683 Du·
739 2649 807 2681 uum.
817 2634 889 2683 Conf.
897 2635 928 2681 ad
935 2636 1007 2691 VIII,
1021 2634 1065 2692 15,
1076 2652 1103 2683 n.
1111 2635 1138 2684 6.

186 2713 281 2772 lterum„
296 2715 338 2776 qui
349 2714 380 2761 ad
393 2715 496 2773 XXXI,
511 2730 553 2769 ta,
564 2715 618 2761 haec
627 2725 695 2762 nota-
775 2714 798 2760 8.
815 2715 866 2758 Per
879 2729 966 2760 manns
978 2724 1040 2760 reste
1053 2713 1130 2771 data,
1147 2715 1263 2782 virginee

185 2794 222 2842 vit
235 2808 241 2842 :
255 2809 299 2841 eur
314 2805 413 2857 patrum
433 2794 549 2841 memoria
567 2810 695 2841 carmena
738 2806 823 2838 sonum
835 2792 904 2839 vocis
917 2793 1049 2840 scciueutis
1059 2804 1085 2841 et
1095 2795 1264 2861 symphosii:

184 2872 255 2920 Livio
272 2872 398 2920 eonditum
417 2872 497 2930 dicat,
516 2873 582 2934 quod
602 2883 695 2936 septem
734 2871 821 2933 pulsu,
836 2871 903 2928 ictu,
918 2871 1010 2934 pedum
1024 2871 1197 2933 madidantes,
1211 2876 1261 2935 sil-

184 2951 254 2998 anuis
266 2962 321 2998 aute
333 2950 382 2998 hoe
395 2962 491 3014 tempus
502 2951 592 2998 factum
605 2953 694 3011 fuerat,
739 2948 815 2996 tando
835 2950 1012 3013 exprimentes,
1037 2950 1212 3011 incesserim&
1233 2966 1264 3003 nt

184 3029 245 3076 mihi
263 3046 315 3077 non
334 3030 419 3092 liquet.
445 3031 548 3078 Carmen
566 3030 627 3077 illud
645 3030 694 3078 hoe
738 3025 789 3075 fere
811 3029 838 3075 in
861 3028 978 3086 cordate,
997 3030 1092 3077 comica
1113 3042 1142 3080 et
1166 3032 1263 3083 lasciva

185 3124 312 3156 annouou
324 3124 338 3154 a
352 3109 422 3154 Livio
438 3108 536 3155 demum
548 3109 639 3155 factum
652 3125 695 3156 seu
739 3108 883 3155 Graecorum
900 3107 1041 3167 saltatione,
1059 3108 1156 3172 inqua
1173 3114 1263 3162 restim

186 3187 329 3245 eonditum,
343 3186 387 3233 sed
401 3202 414 3232 a
426 3186 562 3250 virginibus
571 3199 695 3235 cantatum
740 3186 869 3234 ductantes
879 3186 986 3253 (Terent.
996 3186 1104 3252 Adelph.
1115 3190 1168 3248 IV,
1179 3208 1206 3252 7,
1214 3193 1263 3257 34)

187 3266 284 3314 dicitur.
293 3264 425 3328 -Stipem
434 3254 585 3330 c'onscerrem
598 3267 655 3314 vide
664 3267 695 3314 atl
739 3269 904 3331 manibusque
926 3279 1037 3317 tenentes
1051 3301 1060 3329 ‚
1080 3262 1201 3336 κόρδακα
1222 3272 1264 3325 ἢ.

190 3344 629 3407 V,a5,n.3.-Purequeeteaste,
646 3357 693 3393 ete.
737 3345 835 3404 κὺοντις
862 3345 904 3396 καὶ
927 3345 1032 3414 αἰσχρῶς
1057 3350 1186 3410 κινοῦντες
1207 3351 1261 3409 ein

188 3422 246 3469 vide
255 3423 286 3469 sd
297 3425 321 3479 1,
333 3422 376 3479 45,
386 3439 411 3470 u.
423 3436 446 3481 7.
737 3423 823 3493 ὄσφρῦν
837 3425 899 3491 (vid.
912 3424 1162 3489 Aristoph.Nnb.1,
1176 3430 1207 3491 6,
1217 3432 1265 3491 85,

217 3501 243 3550 6,
255 3500 295 3548 Ab
304 3500 457 3557 decemviris5
472 3499 531 3547 vide
539 3500 631 3560 adlil,
648 3517 692 3560 ιο,
738 3502 801 3561 540,
819 3503 902 3567 ibique
919 3502 1027 3567 Setini),
1051 3520 1108 3552 curn
1125 3508 1265 3561 celerrima

184 3597 208 3627 n.
219 3582 243 3627 6.
254 3605 289 3615 -
304 3578 343 3625 Ab
354 3577 408 3626 cede
420 3578 539 3642 Apollinis
546 3592 620 3643 porta
631 3581 690 3629 Car-
736 3597 866 3647 corporum
879 3583 1018 3646 pedumque
1028 3584 1171 3646 agitatione
1180 3592 1211 3637 iu
1219 3606 1265 3639 ot·-

183 3656 297 3713 mentali,
313 3674 356 3721 per
372 3673 436 3716 esur,
449 3657 475 3704 iu
492 3660 579 3705 Urbem
594 3659 691 3717 ἀπίω
734 3660 790 3708 bem
808 3662 1042 3725 circumagebantur.
1061 3662 1141 3713 Conf.
1159 3670 1267 3721 Emesa

188 3735 404 3794 videad111‚63,
421 3753 446 3783 n.
462 3736 485 3783 5.
734 3739 803 3787 Clav.
825 3741 876 3788 Cic.
902 3757 925 3788 v.
951 3739 1069 3799 Cordum
1097 3742 1267 3801 (ἔπαυλα

219 3827 242 3871 7.
256 3814 328 3858 Nunc
343 3813 475 3862 abhorrens
489 3831 502 3862 a
519 3817 610 3864 nostris
624 3817 690 3882 inge·
735 3819 841 3867 Fischer.
852 3819 883 3867 ad
897 3818 1021 3883 Theophr.
1031 3819 1105 3870 (bar.
1116 3822 1153 3883 ὃς
1163 3826 1266 3883 Mente,

202 3893 275 3939 tit'tet
290 3890 454 3950 inconditum
466 3894 524 3941 vide
537 3895 569 3942 ad
583 3897 626 3954 IV,
641 3913 689 3955 ao,
733 3901 760 3948 in
769 3900 901 3949 Orchestra
914 3918 969 3949 voe.
980 3893 1098 3967 Κόρδαξς
1110 3906 1266 3965 11.th

208 3983 243 4015 .1.
252 3969 323 4016 Couf.
334 3982 385 4017 not.
397 3971 422 4019 5.
433 3999 469 4008 -
477 3975 612 4022 Decemviri
619 3992 689 4023 coro·
733 3978 765 4025 ad
776 3978 867 4025 Potteri
874 3978 995 4025 Archaeol.
1005 3982 1050 4027 Gr.
1061 3990 1079 4027 t.
1090 3983 1186 4050 111,1‚.
1196 3989 1264 4041 633,

184 4047 238 4095 nati
249 4046 335 4094 larvea
350 4048 417 4113 (vide
426 4051 458 4099 ad
467 4054 519 4115 111,
531 4069 578 4115 ro,
589 4071 614 4102 n.
625 4055 654 4114 6,
665 4067 690 4103 et
724 4056 894 4105 'Duker-iusta
904 4067 954 4104 est:
965 4078 978 4097 α
988 4058 1037 4103 Per
1049 4074 1144 4111 manus
1158 4058 1268 4117 darno
