2768 4574
179 313 202 349 t.
220 313 243 351 C.
257 307 302 348 205.

180 370 301 421 Mu,
372 330 521 397 LIBER
546 333 727 400 XXVIII.
751 333 853 441 Cur.
877 334 982 400 XLV.
1129 331 1196 428 [137

153 452 199 520 do
219 452 357 548 argenti
373 449 475 520 facta.
492 450 629 546 Scipio,
644 476 772 546 quum,
786 466 827 519 ut
842 450 1021 521 delectum
1040 451 1202 539 haberet,

93 556 100 566 ’
154 587 271 658 neque
290 559 545 659 impetrasset⁶,
561 586 679 659 neque
693 585 910 655 magnopere
928 561 1152 648 tetendisset,
1164 576 1204 632 ut

152 670 371 741 voluntarios
385 671 516 742 ducere
530 671 598 742 sibi
615 671 742 740 milites
760 670 895 754 liceret,
912 671 1044 756 tenuit,
1058 685 1108 758 et,
1120 673 1204 767 qnia

153 783 320 878 impensae
340 796 527 876 negaverat
552 779 756 877 reipublicae
780 776 936 848 futuram
958 777 1121 863 classem,
1143 794 1205 864 nt,

152 917 231 987 quie
252 891 297 961 ab
315 893 417 961 sociis
441 891 617 962 darentur
633 891 677 961 ad
699 914 812 961 novas
833 886 1054 958 fabricandas
1078 915 1205 975 naves,

152 1004 336 1097 acciperet.
359 1002 507 1070 Etruriae
527 1002 682 1097 primum
710 999 852 1097 populi,
871 1022 937 1095 pro
957 999 1029 1068 suis
1050 1000 1204 1094 quisque

152 1109 389 1197 facultatibus,
398 1111 581 1181 consulem
600 1110 786 1204 adjuturos
799 1108 964 1206 polliciti3
978 1110 1122 1178 Caerites
1136 1107 1205 1178 fru-

79 1253 85 1270 ·
151 1234 313 1290 mentum
334 1221 437 1291 sociis
451 1220 658 1292 navalibus⁷
678 1233 989 1314 commeatumque
1010 1219 1127 1287 omnis
1144 1243 1203 1313 ge·

152 1330 263 1415 neris;
280 1329 563 1426 Populonienses
581 1327 733 1413 ferrum3
748 1327 1149 1424 Tarquinienseslintea
1167 1329 1203 1396 in

151 1439 245 1525 vela3
257 1434 483 1510 Volaterrani
497 1441 733 1510 interamenta
752 1441 895 1508 navium
910 1452 946 1509 et
963 1437 1204 1523 frumentnm;

152 1638 214 1674 tuor.
227 1629 272 1674 En.
286 1654 320 1662 -
331 1596 377 1673 'Ex
391 1627 455 1674 mille
464 1610 548 1691 pondo
562 1626 658 1689 argenti
682 1606 684 1614 Ι
700 1645 809 1691 quorum
823 1645 952 1692 compages
969 1646 1005 1695 gr.
1024 1626 1154 1694 istepclstte
1169 1629 1205 1676 di·

145 1705 234 1768 facta,·
248 1707 278 1754 cf.
290 1709 367 1752 Gron.
378 1706 408 1752 de
418 1708 472 1753 Pec.
485 1717 533 1753 ret.
546 1707 571 1763 1,
586 1720 609 1763 7.
622 1731 656 1739 --
700 1716 794 1753 cuntur.
807 1707 976 1751 inceramenta
994 1705 1044 1752 rat.
1061 1705 1089 1763 3,
1103 1705 1162 1751 Los.
1176 1721 1205 1762 a,

152 1784 291 1832 Secundum
306 1786 412 1833 Creveni
429 1783 546 1840 rationes,
563 1783 656 1830 selibras
682 1785 766 1838 ,Harl
785 1785 839 1831 Ber.
857 1801 871 1830 a
887 1800 919 1830 nr.
941 1799 988 1829 sec.
1006 1794 1030 1829 et
1050 1798 1113 1830 unus
1133 1783 1204 1830 Cres.

152 1875 208 1910 sunt
220 1874 339 1911 nostrates
351 1864 429 1920 1562,
441 1878 496 1909 cum
509 1863 587 1909 unciis
599 1877 657 1924 qua·

70 1961 73 1964 ’
152 1954 216 1990 tnor.
229 1943 273 1992 En,

186 2021 210 2066 6.
229 2020 307 2082 Scipio
325 2034 518 2082 qtnrm...neqse
536 2018 658 2080 impetras-

151 2110 193 2145 set.
209 2098 255 2143 llic
271 2097 397 2145 Creverins
410 2096 533 2143 insimulat
544 2096 656 2153 Fabium,

151 2177 193 2238 spui
207 2176 319 2222 invidens
335 2175 451 2222 crescenti
470 2175 496 2220 in
510 2175 561 2221 dies
574 2175 656 2237 gloriae

152 2255 286 2318 Scipionis,
300 2271 375 2316 quum
384 2254 494 2300 obtinere
503 2269 553 2299 non
563 2254 656 2316 potuis·

153 2345 189 2381 set
199 2351 229 2381 ne
239 2334 417 2397 permitteretur
426 2332 448 2380 ei
457 2333 484 2379 in
494 2333 601 2380 Africam
612 2343 658 2379 tra·

149 2415 237 2473 jieere,
246 2412 400 2459 vociferando
412 2423 435 2458 et
447 2412 514 2457 vanis
527 2411 657 2458 terroribus

152 2494 244 2539 animos
254 2492 378 2554 implendo
387 2491 515 2555 pervicerit
524 2506 554 2537 ne
565 2501 607 2536 rut
617 2490 657 2535 de·

152 2573 240 2618 lectum
252 2572 340 2618 habere
350 2571 432 2618 liceret
445 2571 552 2626 consuli,
566 2581 606 2616 aut
616 2586 658 2631 pe·

152 2649 221 2695 cunia
230 2649 465 2696 decerneretur.Vid.
474 2649 566 2695 Plut.in
575 2649 656 2696 Fabio.

151 2753 185 2760 -
202 2728 350 2790 Magnopere
373 2726 527 2780 tetendisset,·
549 2726 604 2772 vide
626 2728 658 2786 acl

152 2806 196 2861 IV,
213 2820 235 2863 7,
248 2821 272 2850 n.
285 2806 309 2851 6.
332 2833 366 2839 -—
381 2805 466 2850 Terruit
484 2805 556 2868 (vide
570 2806 600 2850 ad
620 2808 657 2862 tt,

154 2891 199 2939 ta,
210 2899 234 2928 n.
248 2881 290 2946 s),
306 2894 333 2928 uc
348 2883 501 2929 uoluntarios
514 2884 600 2929 ducere
613 2883 658 2929 sibi

153 2960 236 3008 milites
256 2962 350 3016 liceret,
377 2971 401 3006 et
419 2971 445 3006 nt
466 2978 520 3023 qnae
539 2962 570 3007 ab
588 2962 657 3008 sociis

152 3040 275 3094 darentur,
291 3039 423 3102 acciperet,
439 3039 547 3102 accipere
561 3039 656 3095 liceret3

153 3119 302 3166 Gronovius.

190 3215 211 3256 7.
224 3197 298 3244 Sociis
311 3196 435 3243 navalibus
443 3214 452 3252 ,·
470 3196 526 3242 vide
540 3212 611 3258 supra
626 3194 657 3241 ad

154 3279 204 3333 tx,
217 3277 263 3330 38,
277 3292 301 3325 n.
313 3291 336 3322 1.
354 3302 389 3310 —
405 3274 490 3320 Lintea
506 3273 615 3328 nevela,
632 3285 658 3318 nt

152 3355 244 3405 ὀθονίων
262 3355 357 3416 ἱστοὺς,
376 3357 487 3404 velorum
508 3371 551 3402 seu
569 3355 657 3402 linteo·

153 3449 205 3478 rum
217 3435 288 3488 telas,
298 3433 364 3497 apud
373 3432 494 3496 Polynv,
503 3432 548 3494 89,
557 3446 582 3476 n.
592 3447 656 3476 s.—

152 3514 317 3558 Interarnenta
341 3511 437 3558 narium
461 3509 557 3573 plurimi
581 3510 657 3566 MSS,

151 3589 240 3652 probb.
251 3589 350 3635 Saluius.
363 3590 393 3636 ad
405 3589 480 3637 Solin.
490 3605 514 3651 p.
526 3587 586 3645 166,
598 3590 657 3648 781,

699 1865 858 1909 Armnmenta
867 1863 988 1927 pleraeque
998 1862 1054 1909 edd.
1063 1872 1119 1909 ante
1127 1863 1205 1909 Gron.

698 1942 767 2000 cujus
786 1940 858 1988 docta
872 1952 936 2008 nota
954 1951 990 1988 est
1008 1939 1079 1988 inec:
1098 1943 1206 1988 «Potest

698 2019 776 2067 videri
785 2018 980 2076 interamentnnt,
993 2030 1020 2067 ut
1029 2030 1054 2065 et
1062 2019 1204 2074 interamen,

698 2098 729 2144 ab
745 2098 849 2144 incerare
865 2098 961 2145 deduci.
978 2098 1083 2144 Glossar.
1099 2096 1204 2144 interrita

699 2176 897 2245 ἰξιντνρισθέντα.
911 2178 966 2237 Ejus
986 2176 1147 2247 compositum
1166 2191 1206 2222 ex-

698 2267 815 2302 encerare.
834 2257 865 2302 Et
885 2255 985 2302 interior
1005 2254 1112 2302 ostendit
1134 2254 1208 2301 fuisse

698 2334 828 2398 aliqnando
841 2334 930 2381 incerns
937 2368 945 2390 ,
964 2345 993 2380 ut
1004 2333 1125 2397 superior,
1140 2349 1207 2396 νιφε-

698 2430 752 2470 rns,
765 2429 895 2475 superare:
906 2412 972 2459 unde
981 2424 1149 2475 superamenta
1159 2428 1208 2458 nia-

699 2491 814 2538 teriarum
837 2491 953 2539 Pandect.
975 2493 1095 2549 mn,
1119 2506 1145 2546 1,
1163 2490 1204 2536 55.

699 2571 776 2617 Etiam
792 2573 892 2617 Veteres
912 2570 1002 2616 dixisse
1021 2567 1141 2615 inceratini
1159 2584 1205 2630 pro

700 2649 801 2703 interim,
812 2649 879 2695 testis
886 2659 922 2694 est
930 2652 1019 2694 Festus.
1026 2647 1066 2693 Sic
1073 2646 1205 2693 inceramen

700 2728 846 2795 inrepitete,
861 2729 886 2775 h.
900 2745 921 2776 e.
935 2723 967 2774 τὰ
980 2724 1116 2792 καλούμενα
1131 2725 1206 2792 ἐγκοί-

698 2813 738 2856 λια
755 2813 802 2856 τῶν
824 2804 897 2866 νεῶν,
915 2808 954 2853 vel
977 2800 1010 2853 tit
1029 2803 1148 2870 ἐγκοίλια,
1171 2802 1204 2852 τὰ

700 2885 748 2935 ἀπὸ
762 2878 876 2952 spinido<
893 2882 1042 2950 ἀνερχόμενον
1063 2881 1135 2942 ξύλοις
1154 2885 1203 2931 vid.

699 2964 798 3018 Pollux,
816 2965 851 3020 lt,
872 2969 902 3021 l,
925 2973 949 3009 et
970 2961 1052 3007 Schol.
1076 2960 1203 3024 Aristoph.

701 3030 761 3091 lim.
776 3042 826 3087 Vix
842 3051 922 3087 tamen
936 3050 1032 3103 putem,
1044 3039 1149 3085 incerare
1158 3040 1205 3086 Ve‹

699 3132 761 3168 teres
778 3135 916 3183 usurpasse,
933 3134 1009 3180 quum
1032 3129 1056 3164 et
1079 3129 1206 3165 excernere
1246 3126 1247 3129 ’

699 3215 770 3261 quam
785 3209 897 3244 exterere
912 3195 1053 3253 maluerint,
1072 3207 1096 3242 et
1113 3208 1207 3241 exente-

699 3293 756 3324 rare
774 3294 787 3324 a
808 3293 843 3341 gr.
865 3276 949 3343 ἔντερα
968 3290 1039 3337 quam
1061 3273 1207 3320 exinterare.
1230 3306 1233 3311 Δ

700 3360 771 3405 Forte
783 3356 829 3418 leg.
841 3355 1004 3402 inceramenta
1018 3351 1133 3398 narium:
1147 3368 1211 3414 quas

700 3452 753 3482 cern
770 3434 874 3497 piceque
896 3431 974 3478 oblini
993 3441 1017 3476 et
1037 3429 1124 3477 oblitas
1146 3429 1205 3477 olim

700 3513 772 3560 fuisse
789 3523 875 3558 notum
893 3521 940 3566 est3
960 3509 1025 3554 unde
1040 3507 1128 3554 Pollux
1144 3509 1207 3554 inter

700 3589 733 3642 τὰ
749 3597 795 3641 τῶν
809 3593 939 3657 ternarios
951 3590 1023 3653 ponit
1035 3587 1102 3655 κηρὸν
1117 3599 1142 3636 et
1154 3587 1214 3637 nie·

152 3679 175 3714 et
192 3667 250 3713 Ulit.
267 3667 299 3713 ad
317 3669 394 3714 Grotii
413 3670 504 3731 (lyneg.
519 3683 542 3713 v.
559 3674 600 3726 47.
614 3667 657 3714 Ille
701 3690 757 3721 σαν,
773 3673 909 3720 Mixturam
928 3670 989 3733 picis
1007 3684 1064 3714 curn
1085 3684 1139 3716 cera
1159 3680 1208 3716 una

151 3749 229 3796 intell.
245 3748 270 3796 ri
286 3746 435 3813 μεσαίτατον
448 3745 519 3804 νεὼς,
539 3748 579 3795 hic
592 3760 658 3813 stup·
701 3770 762 3801 voce
775 3750 843 3817 κηρὸς
856 3751 946 3797 dicitnr
956 3749 1047 3795 Graccis
1059 3756 1083 3794 et
1095 3741 1208 3802 ζῶπισσα

151 3842 205 3890 pam
221 3838 244 3872 et
259 3825 377 3887 quidquid
393 3825 518 3871 infercitur
532 3826 582 3872 sive
597 3830 658 3872 rosis
703 3829 777 3893 (conf.
793 3828 854 3874 Plin.
872 3827 946 3881 xvi,
967 3824 1026 3887 rr),
1044 3823 1141 3887 Latinis
1151 3840 1208 3870 cera

152 3904 339 3968 componendis,
354 3904 404 3950 sive
418 3904 514 3950 naviuin
531 3904 615 3952 rimis:
634 3916 659 3951 at
703 3906 922 3970 (vid.Veget.V,7
937 3915 961 3949 et
973 3901 1031 3964 νά),
1045 3900 1068 3946 h.
1084 3901 1101 3947 l.
1115 3901 1209 3950 incera-

153 3986 222 4032 Crev.
239 3983 314 4044 ligna,
332 3999 385 4044 epra¹
402 4000 414 4027 a
433 3983 520 4028 carinis
538 3984 658 4045 utrimque
704 3980 1211 4045 mentum,quippequoinceranturnaves.

153 4061 323 4110 adscendentis
336 4059 446 4107 efficiunt
459 4072 538 4108 costas
548 4060 659 4115 navium,
704 4063 767 4109 Hinc
782 4072 804 4108 et
818 4071 906 4108 ceratae
918 4075 989 4106 nares
996 4093 1004 4116 ,
1018 4073 1100 4104 cerate
1110 4069 1134 4106 et
1145 4075 1216 4106 cera-
