2768 4574
182 305 308 410 atat:
333 325 424 390 nm.
448 323 588 388 xxix.
611 323 716 388 cla.
736 325 897 390 xxxu.
919 324 1104 392 xxxin.
1141 322 1211 421 509

156 446 260 531 hant,
281 442 383 530 lecit,
406 459 446 514 ut
467 443 560 512 intra
578 465 710 538 paucos
728 441 803 513 dies
824 467 885 512 sex
911 444 1021 515 millia
1046 445 1210 543 peditum

157 569 395 641 armatorum,
411 567 567 650 quatuor
588 553 770 648 equitum,
796 551 842 622 ad
861 577 944 622 eum
963 558 1211 646 convenirent3

154 665 300 760 jamque
317 689 391 733 non
407 664 444 732 in
457 663 680 758 possessione
699 660 809 731 modo
828 664 970 758 paterni
983 667 1084 760 regni
1100 684 1209 756 esset,

157 775 343 844 sedetiam
367 775 481 844 socios
501 771 846 869 Carthaginiensium
870 773 1025 869 populos
1046 780 1209 875 Masaesy-

157 884 348 980 lorumque
365 881 453 952 fines
475 880 532 976 (id
553 881 721 977 Syphacis
741 905 894 977 regnum
916 882 1014 977 erat)
1034 898 1207 956 vastaret:

157 995 262 1081 inde,
280 995 419 1063 irritato
439 990 483 1062 ad
505 990 643 1061 bellum
662 990 844 1089 Syphace,
864 994 959 1061 inter
979 993 1114 1086 Cirtam
1131 999 1213 1093 Hip·

159 1128 367 1202 ponemque
379 1104 415 1172 in
426 1104 521 1201 jugis
535 1117 828 1206 opportunorum
842 1101 887 1172 ad
902 1105 1022 1173 omnia
1035 1107 1213 1176 montium

160 1213 329 1284 consedit.

207 1327 367 1391 XXXIII.
395 1322 569 1415 Majorem
592 1320 700 1415 igitur
718 1344 797 1390 eam
821 1345 898 1390 rem
924 1321 1067 1417 Syphax
1094 1338 1212 1410 ratus,

160 1456 270 1527 quam
287 1446 327 1502 ut
345 1456 410 1528 per
423 1428 631 1528 praesectum
649 1444 788 1527 ageret,
803 1455 887 1501 cum
898 1430 974 1502 filio
983 1432 1115 1526 juvene
1130 1432 1216 1528 (no-

160 1565 245 1612 men
258 1543 434 1614 Verminae
453 1540 550 1635 erat)
574 1555 676 1637 parte
697 1541 873 1610 exercitus
895 1542 1019 1627 missa,
1044 1543 1215 1639 imperat,

161 1665 220 1738 ut,
246 1651 490 1722 circumducto
510 1650 671 1746 agmine,
691 1651 728 1719 in
747 1675 784 1721 se
806 1651 985 1721 intentum
1009 1650 1148 1723 hostem
1169 1653 1215 1723 ab
1275 1690 1279 1695 ·

161 1775 262 1858 tergo
281 1761 433 1831 invadat.
458 1765 571 1832 Nocte
591 1758 774 1856 profectus
791 1763 978 1849 Vermina,
1000 1763 1063 1857 qui
1091 1788 1135 1833 ex
1157 1788 1215 1834 oc·

161 1871 259 1941 culto
272 1894 500 1967 aggressurus
510 1885 605 1939 erat:
623 1870 766 1965 Syphax
776 1885 896 1941 autem
914 1870 1071 1942 interdiu
1089 1888 1214 1969 aperto

161 1981 287 2075 itinere
298 1990 323 2067 ¹,
335 1993 375 2048 ut
387 1980 469 2074 qui,
487 1979 595 2074 signis
605 1979 742 2050 collatis
752 1978 849 2068 ,acie
860 1979 1092 2051 dimicaturus
1106 1998 1215 2069 esset,

162 2090 275 2158 movit
290 2102 415 2159 castra.
435 2087 507 2159 Ubi
524 2102 667 2185 tempus
685 2090 801 2159 visum
822 2105 893 2178 est,
914 2116 989 2187 quo
1013 2094 1216 2188 pervenisse

160 2199 234 2292 jam
264 2199 497 2269 circummissi
524 2198 633 2295 videri
665 2214 849 2296 poterant,
864 2216 902 2286 et
925 2202 1001 2299 ipse
1027 2202 1101 2272 leui
1125 2204 1217 2274 clivo

119 2369 122 2376 .
164 2305 300 2380 serente
329 2307 374 2378 ad
401 2308 561 2396 hostem,
581 2334 696 2404 quum
727 2310 957 2382 multitudine
978 2309 1111 2400 fretus,
1138 2328 1217 2384 tum

163 2420 367 2516 praeparatis
388 2417 433 2488 ab
452 2435 552 2514 tergo
576 2419 732 2508 insidiis,
752 2443 818 2516 per
841 2418 1029 2491 adversum
1055 2437 1217 2494 montem

164 2545 318 2600 erectam
336 2531 448 2600 aciem
468 2529 576 2600 ducit.
595 2529 779 2599 Masinissa
801 2528 932 2600 fiducia
953 2531 1106 2601 maxime
1130 2531 1215 2619 loci,

164 2662 239 2732 quo
266 2637 381 2707 multo
404 2640 560 2733 aequiore
580 2652 805 2734 pugnaturus
827 2651 920 2721 erat,
944 2652 979 2706 et
999 2639 1075 2730 ipse
1099 2637 1217 2733 dirigit

73 2832 75 2836 ,
166 2768 257 2815 suos.
287 2751 397 2814 Atrox
413 2746 574 2839 praelium
594 2759 629 2814 et
648 2743 711 2814 diu
727 2745 858 2838 anceps
879 2742 965 2827 suin
989 2744 1069 2815 loco
1090 2758 1125 2814 et
1146 2748 1217 2815 vir-

166 2867 243 2922 tute
272 2853 427 2922 militum
451 2853 692 2935 Masinissam,
718 2850 968 2939 multitudine,
995 2878 1074 2949 quae
1104 2856 1215 2926 nimio

165 2961 281 3055 major
299 2975 391 3047 erat,
409 2959 608 3056 Syphacem
626 2961 797 3054 juvante:
814 2983 854 3029 ea
872 2961 1066 3033 multitudo
1085 2962 1215 3053 divisa,
1269 3016 1272 3021 -

167 3095 281 3167 quum
294 3095 375 3168 pars
392 3095 412 3140 a
428 3068 547 3139 fronte
561 3083 704 3167 urgeret
712 3094 724 3156 ·,
742 3091 823 3164 pars
842 3093 862 3138 a
880 3084 981 3167 tergo
1004 3096 1041 3143 se
1067 3073 1216 3143 circum-

167 3179 328 3269 fudisset,
342 3181 526 3250 victoriam
541 3178 638 3249 haud
654 3178 801 3249 dubiam
815 3178 967 3276 Syphaci
986 3179 1104 3269 dedit;
1121 3197 1157 3254 et
1170 3208 1217 3255 ne

168 3290 342 3388 effugium
360 3289 506 3387 quidem
524 3288 669 3386 patebat
680 3287 764 3358 hinc
777 3312 799 3357 a·
810 3287 945 3376 fronte,
960 3289 1102 3360 hincab
1117 3305 1217 3387 tergo

168 3402 338 3472 inclusis:
365 3402 487 3497 itaque
514 3401 631 3469 caeteri
649 3397 787 3496 pedites
807 3400 1017 3496 equitesque
1036 3403 1132 3489 caesi,
1158 3415 1220 3471 aut

57 3562 63 3573 .
170 3511 275 3604 capti.
290 3515 473 3581 Ducentos
488 3507 600 3580 ferme
615 3509 752 3606 equites
770 3510 953 3580 Masinissa
971 3511 1063 3581 circa
1080 3535 1116 3582 se
1132 3536 1220 3581 con·

168 3618 350 3715 globatos,
369 3621 573 3716 divisosque
591 3619 774 3690 turmatim
792 3620 829 3688 in
849 3633 920 3690 tres
938 3635 1075 3716 partes,
1098 3645 1218 3691 erum-

205 3817 263 3865 Car.
278 3819 403 3866 xxxul.
422 3833 444 3867 1.
464 3820 556 3882 Aperta
571 3817 672 3874 itiner05
715 3816 822 3880 oequiore
831 3815 900 3874 loco,
910 3816 1088 3878 commodiore,
1102 3829 1220 3884 opportu-

170 3895 453 3954 videadX‚1t,n.·6.
474 3923 508 3933 -
528 3897 580 3958 Quo
589 3911 673 3960 perae·
715 3896 792 3943 niore.
808 3895 880 3945 Cous.
895 3904 1002 3942 extrema
1016 3895 1089 3944 verba
1105 3913 1157 3963 cap.
1172 3899 1218 3956 32,

170 3972 245 4031 nisse,
260 3974 312 4020 scil.
323 3974 355 4021 ad
368 3973 458 4023 hostes.
475 4002 510 4010 -
524 3975 585 4022 Leni
596 3974 673 4031 cliv03
716 3985 741 4022 et
753 3989 826 4037 supra
839 3973 872 4022 ad
888 3973 977 4022 librum
994 3975 1082 4034 xxa,
1102 3991 1155 4040 cap.
1172 3977 1218 4032 16,

170 4051 227 4101 vide
242 4052 273 4100 ad
285 4054 322 4112 11,
343 4052 389 4111 50,
403 4069 429 4102 n.
442 4067 466 4114 9.
483 4080 518 4091 -
532 4054 586 4118 Quo
597 4053 673 4104 multo
717 4063 769 4105 not.
780 4067 802 4100 ι.

331 4252 342 4297 ,1‘

247 4302 250 4307 “
324 4302 332 4321 Ι
