2768 4574
187 294 310 399 utut
362 312 455 378 uta.
481 311 663 377 xxvtu.
692 310 797 404 cae.
826 311 927 376 xiv.
954 311 1034 377 xv.
1152 312 1220 406 ‘ao7

160 447 341 502 armatura
363 446 398 501 et
416 428 596 517 velites10,
618 426 872 499 circumductis
894 428 1013 498 alisin
1035 431 1146 502 latera
1166 435 1221 503 iu-

161 540 377 629 cuirehaut3
400 540 569 611 cohortes
596 563 615 608 a
642 537 764 608 fronte
788 536 988 633 urgebant,
1014 555 1056 610 ut
1075 540 1222 613 abrum-

161 668 290 750 perent
308 677 444 745 cornua
460 677 479 721 a
498 656 625 721 caetera
642 650 728 720 acie.

209 768 285 834 XV.
312 769 356 832 Et
374 787 492 863 'quum
513 759 559 831 ab
584 761 684 830 omni
705 774 807 857 parte
833 757 1136 854 haudquaquam1
1159 785 1224 858 par

160 899 282 973 pugna
301 889 394 960 erat,
419 888 496 943 tum
518 870 619 968 quod
639 868 747 940 turba
773 868 964 939 Baliarium
987 866 1223 967 ‘tironumque

160 987 395 1083 hispanorum
410 1006 563 1053 romano
577 982 763 1077 latinoque
780 980 885 1050 militi
902 979 1045 1075 objecta
1062 996 1154 1068 erat,
1170 998 1222 1079 et,

159 1094 381 1193 procedente
398 1093 472 1186 jam
492 1091 567 1177 die,
587 1093 680 1162 vires
697 1088 973 1163 etiarn-deficere
991 1091 1223 1188 Hasdrubalis

160 1205 357 1276 exercitum
393 1218 598 1300 coeperant,
630 1226 822 1300 oppressos
853 1203 1032 1272 matutino
1064 1203 1220 1274 tumultu

160 1328 397 1409 coactosque,
418 1313 518 1410 prius
537 1337 646 1409 quam
667 1311 750 1383 cibo
768 1336 920 1409 corpora
942 1310 1148 1400 firmarent,
1164 1339 1223 1393 ra‡

159 1426 249 1522 ptim
273 1425 311 1492 in
335 1424 446 1494 aciem
475 1417 582 1494 exire.
606 1421 660 1496 Ad
683 1421 720 1492 id
746 1421 872 1493 sedulo
899 1421 995 1493 diem
1022 1437 1222 1495 extraxerat

160 1536 281 1631 Scipio
292 1545 319 1620 ²,
334 1549 375 1604 ut
392 1559 470 1605 sera
484 1559 605 1632 pugna
620 1548 713 1605 esset
729 1561 736 1603 :
755 1558 838 1603 uam
853 1531 899 1602 ab
914 1535 1064 1630 septima
1073 1533 1221 1606 demum

160 1643 248 1715 hora
269 1645 431 1742 peditum
452 1646 551 1741 signa
570 1644 742 1715 cornibus
761 1645 999 1715 incurrerunt.
1019 1644 1076 1714 Ad
1087 1645 1222 1717 medias

159 1757 251 1827 acies
275 1756 462 1853 aliquanto
488 1757 600 1827 serius
627 1757 791 1853 pervenit
817 1756 1033 1852 pugnapita
1056 1770 1097 1824 ut
1121 1758 1221 1852 prius

159 1883 264 1939 aestus
282 1894 302 1939 a
320 1868 518 1939 meridiano
543 1868 618 1938 sole
636 1865 812 1963 laborque
836 1850 954 1935 standi
972 1864 1039 1935 sub
1058 1867 1165 1957 armis
1184 1881 1220 1937 et

159 1978 266 2047 simul
282 1977 394 2049 fames
409 1979 557 2074 sitisque
571 2001 724 2073 corpora
741 1973 925 2047 afficerent
933 2029 944 2062 ‚
959 2000 1074 2071 quam
1090 2001 1219 2047 manus

159 2110 242 2156 cum
256 2087 361 2159 hoste
378 2102 610 2158 consererent
624 2115 631 2156 :
647 2089 768 2183 itaque
782 2100 960 2157 steterunt
975 2088 1085 2157 scutis
1098 2089 1217 2159 innisi.

158 2201 249 2270 Nam
277 2222 386 2295 super
406 2213 533 2268 caetera
556 2197 740 2294 elephanti
759 2198 883 2282 etiam,
908 2197 1135 2271 tumultuoso
1157 2224 1218 2296 ge-

158 2335 244 2381 nere
263 2333 393 2406 pugnae
415 2309 578 2404 equitum
596 2308 821 2404 velitumque
840 2320 876 2377 et
894 2303 1004 2378 levis³
1030 2323 1218 2378 armaturae

158 2420 394 2500 consternati,
413 2443 433 2489 e
448 2418 618 2490 cornibus
635 2419 673 2488 in
686 2417 849 2502 mediam
860 2417 972 2489 aciem
990 2442 1066 2489 sese
1085 2418 1218 2489 intule-

157 2542 248 2596 rant.
273 2529 369 2598 Fessi
391 2529 499 2626 igitur
520 2528 735 2626 corporibus
753 2530 955 2624 animisque
975 2529 1131 2600 retulere
1153 2555 1218 2626 pe-

157 2716 294 2778 expressius
311 2720 403 2775 visum,
420 2718 547 2766 Creverius
561 2721 588 2766 in
606 2736 664 2766 eon·
709 2720 803 2782 quiret
821 2721 924 2783 impares
938 2720 1092 2783 pugnabant,
1115 2731 1139 2767 et
1157 2722 1218 2769 Hus-

158 2803 251 2841 textum
265 2794 369 2844 admisit.
382 2793 427 2843 Eu.
710 2797 817 2844 druhalis
839 2798 973 2845 exereitum
989 2799 1098 2857 jejunum
1120 2796 1218 2845 delicie-

198 2888 236 2921 10.
250 2875 331 2936 Eques
340 2874 443 2938 levisque
450 2886 579 2922 armatura
590 2887 614 2922 et
622 2891 665 2922 ve·
710 2875 769 2922 hant
784 2876 860 2932 vires;
879 2877 956 2923 Gron.
967 2876 1005 2923 Cf.
1016 2876 1047 2922 ad
1058 2879 1070 2923 1
1075 2909 1082 2933 ‚
1096 2875 1139 2934 35,
1152 2893 1177 2923 ιι.
1194 2893 1217 2934 ι,

158 2950 666 3017 lites‚·vid.adXXI‚55,n.2.Levisque
710 2964 734 3000 et
754 2956 833 3010 XXI,
855 2955 905 3011 54,
926 2971 950 3000 n.
969 2970 993 3016 9.
1010 2955 1083 3018 Vulg.
1104 2965 1155 3001 tum
1182 2972 1217 3002 re-

158 3036 301 3086 curatura,
320 3032 406 3079 velites
425 3030 485 3096 (per
502 3030 665 3094 epexegesin)
709 3031 806 3078 vocavit
816 3034 890 3080 Doer.
901 3033 1053 3097 exponitque
1061 3048 1067 3082 τ
1072 3034 1131 3093 iam,
1142 3050 1214 3082 nune.

157 3110 235 3158 edidit
243 3110 318 3158 Drak.
328 3111 384 3174 quia
394 3111 421 3162 τὸ
430 3123 476 3158 eta
486 3110 665 3174 plurimisMSS
711 3110 849 3163 Sed-minus
857 3112 937 3175 placet
946 3112 979 3159 ob
993 3127 1045 3174 seq.
1057 3123 1114 3160 tum.

157 3191 233 3238 abest.
241 3190 289 3239 Sed
300 3191 366 3238 conf.
375 3207 427 3254 cap.
437 3191 476 3248 15,
485 3206 510 3238 ιι.
520 3189 665 3260 metschet,
746 3205 770 3238 a.
793 3190 838 3236 Ad
850 3190 879 3237 id
889 3190 973 3238 sedulo
993 3190 1056 3238 diem
1073 3202 1218 3238 extraxerat

156 3269 187 3316 ad
199 3271 293 3335 llygin.
303 3287 328 3334 p.
341 3269 404 3318 1052
414 3270 501 3327 3Thes.
511 3270 581 3316 Autt.
592 3270 664 3316 Rom.
710 3268 789 3332 Scipio
794 3287 805 3327 ,·
817 3268 874 3316 vide
889 3269 922 3316 ad
933 3270 970 3325 11,
984 3270 1030 3327 23,
1044 3284 1070 3316 n.
1087 3269 1115 3326 3,
1131 3280 1156 3317 et
1171 3271 1216 3328 IV,

157 3375 192 3384 -
210 3349 384 3397 Circumductis
396 3348 444 3397 alit
460 3349 485 3395 in
504 3348 598 3402 latera,
618 3359 665 3401 ctu.
711 3349 756 3405 43,
766 3366 791 3396 n.
804 3351 829 3396 6.
843 3347 997 3411 -Corpora
1008 3346 1216 3416 afficereut;ride

157 3428 208 3474 vid.
220 3441 272 3477 not.
287 3431 311 3477 6.
708 3427 779 3486 adv,
791 3444 836 3485 ιο,
848 3445 872 3474 ιι,
884 3427 908 3475 6.

192 3507 253 3554 Car.
277 3510 334 3554 XV.
356 3523 377 3554 1.
403 3509 436 3555 Et
454 3523 528 3570 quum
548 3506 580 3552 ab
598 3505 666 3552 omni
745 3509 768 3554 3.
788 3506 918 3571 Elephanti
946 3504 1036 3562 etiam,
1068 3506 1214 3553 tumultuoso

152 3596 227 3647 parte
241 3585 448 3650 hartelquaquam‚
468 3597 515 3632 etc.
529 3584 577 3631 hoc
590 3600 664 3648 quum
705 3602 794 3650 genere
800 3603 893 3650 pugnae
908 3584 1015 3648 equitum
1028 3584 1177 3648 uelitumque
1191 3598 1215 3632 et

156 3679 188 3710 ex
197 3663 307 3726 plurimis
316 3666 378 3712 MSS
386 3665 484 3712 edidere
492 3662 550 3710 Ald.
558 3674 582 3710 et
589 3663 663 3712 Drah.
709 3665 763 3712 levis
774 3676 907 3712 amatura
921 3663 993 3728 (vide
1003 3664 1035 3710 ad
1044 3681 1065 3712 c.
1078 3671 1107 3719 14
1115 3697 1122 3721 ,
1131 3681 1156 3712 n.
1168 3666 1215 3727 ro)

156 3758 202 3807 pro
213 3742 280 3805 vulg.
295 3754 344 3789 tum
353 3761 361 3791 :
371 3744 413 3791 sed
423 3755 536 3792 neutrum
546 3743 603 3791 satis
612 3744 637 3791 h.
644 3744 661 3790 l.
708 3743 866 3799 consternati,
880 3754 926 3790 etc.
936 3743 967 3790 cf.
979 3742 1067 3807 Polyb.
1074 3745 1112 3789 xl
1119 3778 1126 3800 ,
1134 3751 1166 3797 αἱ,
1175 3759 1213 3807 pr.

156 3833 248 3885 aptum.
259 3822 419 3869 Scribendum
425 3823 497 3887 jam:
508 3823 662 3886 nequeenim
707 3823 749 3870 ubi
759 3822 893 3885 Schweigh.
901 3823 1045 3886 suspicatur,
1059 3822 1214 3887 elephantos,

156 3912 221 3955 titur,
243 3900 310 3962 quod
327 3902 520 3965 sequitur,huic
536 3903 662 3965 particulae
706 3914 762 3950 ante
779 3902 883 3949 mediam
893 3904 1023 3950 Poenorum
1032 3903 1107 3949 aciem
1120 3903 1214 3950 locatos

156 3980 303 4044 respondet,
312 3982 354 4028 sed
366 3981 503 4044 insequenti
516 3994 551 4034 et,
568 3998 663 4028 sensus-
707 3981 770 4046 (vid.
783 3998 838 4044 cap.
853 3979 911 4044 14),
929 3981 960 4029 ad
971 3997 1088 4029 cornutam
1099 3983 1214 4030 extremi·

156 4076 203 4122 que
224 4072 278 4108 est:
293 4077 343 4106 non
363 4072 413 4108 erat
433 4061 482 4120 jam
501 4078 545 4125 par
569 4077 662 4124 pugna,
708 4071 780 4108 tatem
794 4071 818 4107 et
830 4060 904 4107 latera
917 4072 985 4108 actos
999 4060 1084 4121 luisse,
1101 4073 1128 4109 ut
1143 4079 1168 4109 ea
1182 4061 1212 4119 ab
