2768 4574
227 297 272 371 38
654 307 691 373 r.
722 305 861 373 urvu
1144 285 1261 397 32:233:

225 446 396 520 memque
415 423 518 495 aliam
543 423 707 511 turbam,
727 426 931 497 advenisse:
947 450 1012 524 per
1031 428 1227 500 tumultum
1246 455 1288 503 ac

224 533 504 629 trepidationem
530 536 651 604 omnia
677 537 753 631 agi,
778 551 1050 631 castrorumque
1075 535 1226 608 formam
1251 553 1289 610 et

224 641 415 712 militarem
438 643 622 726 ordinem,
641 646 810 714 immixtis
832 642 1029 741 agrestibus
1043 646 1084 716 iis
1099 671 1143 716 ex
1161 649 1288 735 terris,

226 749 418 825 sublatum.
432 755 494 824 His
510 756 593 824 satis
607 757 816 853 compertis,
830 756 955 826 consul
970 754 1144 828 militibus
1160 757 1287 848 edicit,

225 863 325 958 signa
345 878 486 935 tantum
505 889 675 963 armaque
695 866 732 934 in
753 867 951 964 proximam
972 882 1116 938 noctem
1138 867 1288 964 expedi·

225 988 330 1045 rent:
346 989 459 1046 castra
478 977 610 1072 punica
628 977 870 1073 oppugnanda
889 1001 976 1048 esse.
993 974 1153 1067 Quarta⁵
1168 978 1288 1074 vigilia

224 1083 393 1183 profecti,
404 1087 549 1157 sarcinis
559 1086 730 1157 omnibus
740 1086 1077 1185 impedimentisque
1090 1090 1289 1159 Beneventi

222 1195 370 1281 relictis,
381 1197 489 1296 paulo
499 1211 582 1268 ante
592 1197 709 1267 lucem
722 1222 834 1294 quum
846 1196 891 1268 ad
902 1213 1015 1268 castra
1027 1199 1287 1295 pervenissent,¹

224 1320 364 1377 tantum
377 1308 519 1404 pavoris
528 1307 747 1402 injecerunt,
760 1321 817 1394 ut,
831 1308 859 1378 si
873 1309 910 1377 in
923 1306 1033 1404 plano
1047 1322 1159 1379 castra
1173 1309 1289 1406 posita

225 1431 359 1503 essent,
378 1415 476 1487 haud
489 1416 598 1487 dubie
612 1418 729 1514 primo
742 1419 879 1514 impetu
896 1419 976 1515 capi
991 1419 1187 1514 potuerint.
1199 1416 1286 1486 Alti-

223 1527 314 1597 tudo
336 1526 407 1598 loci
429 1542 465 1598 et
489 1528 715 1615 munimenta
738 1526 999 1616 defenderunt,
1019 1552 1099 1624 quae
1118 1526 1218 1598 nulla
1243 1552 1287 1598 ex

223 1652 324 1736 parte
345 1638 454 1728 adiri,
474 1624 543 1709 nisi
564 1642 678 1710 arduo
698 1665 738 1711 ac
757 1638 894 1711 difficili
915 1663 1084 1727 ascensu,
1105 1652 1284 1735 poterant.

222 1751 319 1818 Luce
337 1749 453 1845 prima
464 1749 626 1846 praelium
640 1751 768 1845 ingens
780 1775 970 1821 accensum
983 1763 1036 1819 est
1050 1776 1057 1816 :
1071 1772 1139 1818 nec
1152 1747 1286 1818 vallum

221 1856 333 1927 modo
358 1872 522 1929 tutantur
543 1861 664 1945 Poeni,
688 1858 771 1944 sed,
797 1875 838 1930 ut
865 1858 997 1957 quibus
1021 1857 1121 1929 locus
1147 1858 1286 1954 aequior

223 1980 317 2038 esset
327 1962 356 2053 ⁶,
372 1965 568 2038 deturbant
584 1970 740 2041 nitentes
756 1967 943 2066 perardua
961 1965 1092 2037 hostes.
1301 2054 1304 2059 Ι

270 2083 363 2151 XIV.
375 2081 469 2151 Vicit
488 2095 607 2152 tamen
625 2082 746 2152 omnia
762 2081 927 2178 pertinax
942 2080 1075 2164 virtus,
1093 2090 1128 2145 et
1147 2075 1285 2169 aliquot

223 2189 328 2259 simul
346 2188 508 2287 partibus
523 2191 569 2263 ad
580 2191 712 2262 vallum
728 2216 769 2262 ac
785 2190 896 2262 fossas
910 2202 1124 2286 perventum
1137 2199 1206 2272 est;
1222 2182 1285 2253 sed

223 2324 306 2370 cum
333 2300 456 2371 multis
480 2299 689 2373 vulneribus
718 2325 759 2371 ac
784 2299 937 2369 militum
964 2296 1133 2395 pernicie.
1158 2301 1285 2389 Itaque

222 2413 428 2482 convocatis
450 2412 605 2483 tribunis
622 2413 777 2483 militum
797 2407 944 2493 consul,
963 2405 1215 2476 abstinendum
1233 2419 1284 2472 te-

222 2528 376 2592 merario
393 2529 548 2621 incepta,
573 2525 621 2594 ait
636 2550 647 2592 :
662 2527 770 2592 tutius
787 2518 857 2589 sibi
872 2517 1008 2602 videri,
1026 2515 1150 2584 reduci
1165 2538 1206 2582 eo
1226 2513 1285 2582 die

220 2622 1284 2724 exereitumBeaeventumrdeinposterocastru1selrostium

209 2743 339 2839 jungi,
361 2768 407 2813 ne
427 2750 526 2813 exire
548 2742 631 2812 inde
655 2742 852 2833 Campani,
880 2760 966 2805 neve
987 2739 1124 2805 Hanno
1146 2731 1287 2826 regredi

210 2869 345 2950 posset.
360 2853 408 2923 Id
419 2878 492 2951 quo
499 2850 652 2944 facilius
665 2848 886 2931 obtineatur,
907 2842 1079 2939 collegam
1094 2865 1237 2940 quoque
1250 2855 1287 2907 et

220 2970 416 3035 exercitum
438 2967 515 3058 ejus
536 2987 574 3032 se
599 2964 817 3043 acciturum,
844 2971 1027 3052 totumque
1053 2978 1095 3023 eo
1117 2974 1284 3022 versuros

220 3071 363 3142 bellum.
383 3077 466 3143 Haec
484 3069 632 3143 consilia
645 3066 764 3154 ducis,
783 3091 895 3162 quum
909 3066 982 3161 jam
998 3060 1159 3157 receptui
1177 3082 1283 3128 cane-

220 3264 297 3311 Gron.
308 3264 405 3311 inserta.
417 3263 628 3322 Perquaestorem‚
646 3257 730 3320 quales
773 3257 805 3305 ad
813 3258 888 3315 VIII,
905 3258 953 3315 30,
970 3270 995 3300 n.
1008 3267 1036 3312 73
1056 3251 1145 3308 XXII,
1160 3251 1205 3307 16,
1217 3265 1241 3296 n.
1260 3265 1282 3296 1.

218 3344 246 3390 in
259 3344 325 3390 bello
340 3341 459 3391 Romanis
472 3338 548 3386 luere.
565 3363 600 3372 -
614 3337 730 3384 Incondi—
809 3337 870 3385 Car.
879 3334 950 3382 XIV.
966 3346 989 3377 1.
1006 3329 1068 3377 Dein
1077 3340 1176 3393 postero
1188 3329 1282 3378 castris.

216 3434 270 3469 ram
280 3422 375 3471 turbam
382 3439 392 3476 ,·
401 3417 458 3467 vile
467 3416 499 3464 ed
506 3418 584 3474 XXI,
598 3417 639 3477 57,
653 3433 679 3465 n.
690 3433 729 3464 11.
774 3418 834 3464 Haec
847 3427 933 3477 parum
945 3410 1009 3457 clara
1021 3419 1092 3457 sunt:
1104 3423 1205 3455 romano
1217 3407 1281 3453 enlm

217 3501 301 3547 -Iis
314 3515 346 3546 ex
362 3497 430 3544 terris
440 3495 564 3557 jungenda
574 3511 580 3544 :
591 3495 634 3543 sed
642 3511 689 3560 pro
699 3495 728 3542 iis
774 3492 882 3540 exercitu
901 3490 1067 3536 Beneventum
1089 3486 1206 3542 reducto,
1227 3485 1283 3547 quis

216 3580 281 3627 sorte
290 3579 336 3640 leg.
345 3573 417 3622 sociis
423 3607 431 3629 ,
442 3583 549 3637 utsupra
560 3591 592 3622 ex
600 3575 671 3624 sociis
681 3574 726 3622 cir·
772 3582 852 3618 vetare
869 3577 965 3631 poterat
982 3577 1024 3613 aut
1042 3568 1181 3628 Campanos
1200 3564 1281 3625 exire,

217 3675 247 3705 ca
254 3645 367 3722 papalia
380 3655 454 3700 Doer.
766 3659 810 3696 tut
823 3651 969 3696 Hannonem
986 3643 1100 3708 regredi?
1116 3645 1234 3691 Praeterea
1243 3653 1283 3688 te-

254 3735 278 3783 5.
290 3735 385 3795 Quam
393 3731 724 3797 vr'ge'lia5videadV1L35,
768 3738 844 3775 statur
856 3728 953 3776 Crever.
964 3725 991 3777 τὸ
1005 3739 1030 3771 se
1040 3739 1054 3770 a
1067 3725 1168 3770 Putean.
1181 3721 1281 3778 abesse,

215 3810 724 3877 mm-Adcastrapuuica-Inplanm
768 3806 863 3868 aitque,
876 3806 910 3852 ita
921 3801 1110 3852 tolerabiliorem
1124 3816 1176 3848 esse
1189 3799 1283 3849 oratio-¹

216 3890 275 3937 vide
289 3888 321 3937 ad
330 3891 392 3937 XXI
398 3925 405 3951 ,
425 3893 469 3952 32,
483 3909 507 3940 n.
519 3909 543 3954 7.
554 3919 589 3929 -
604 3887 724 3954 Defende·
768 3902 836 3945 nem;
854 3901 910 3935 nam
930 3885 957 3930 in
976 3883 1015 3930 his
1031 3881 1132 3929 vocibus
1153 3878 1239 3926 castris
1254 3894 1280 3923 se

217 3979 277 4017 runt
288 3980 372 4019 castra,
768 3964 873 4015 tascium
884 3962 970 4027 jungi,
989 3960 1084 4025 aliquid
1102 3971 1139 4007 est
1152 3956 1280 4005 inconcin,

254 4050 278 4097 fi.
290 4052 321 4098 tu
333 4050 417 4115 quibus
429 4051 495 4099 locus
505 4048 600 4114 oeqra'or
605 4065 616 4105 ;
624 4063 647 4098 v.
653 4062 725 4112 supra
769 4061 841 4104 num,
851 4042 918 4108 quod
924 4042 966 4090 vix
976 4057 1072 4089 amanu
1078 4039 1141 4087 Livii
1154 4031 1280 4105 proficisci
