2768 4574
185 313 251 394 142
587 311 627 376 T·
663 309 801 377 L1V11
1064 291 1222 398 ‘tntu

180 430 407 528 septuaginta
416 430 598 526 principes
609 441 753 500 senatus
765 425 962 515 interfecti;
973 431 1125 500 trecenti
1134 429 1250 504 ferme

179 539 321 611 nobiles
337 541 513 637 Campani
528 541 566 608 in
586 562 766 610 carcerem
787 539 944 609 conditi:
961 540 1034 626 alii,
1049 560 1115 637 per
1129 543 1251 612 socio-

178 673 261 718 rum
279 649 381 720 latini
398 651 555 721 nominis
573 648 683 719 urbes
700 649 738 718 in
757 648 936 720 custodias
956 650 1047 738 dati,
1064 651 1169 722 variis
1188 676 1250 723 ca·-

179 757 279 830 sibus
297 759 513 830 interierunt
526 786 534 828 :
547 759 742 831 multitudo
756 760 824 831 alia
838 763 968 856 civium
985 786 1252 859 campanorum

178 893 313 939 venum
323 867 416 939 data.
428 873 481 940 De
491 868 583 940 urbe
594 894 753 967 agroque
762 870 902 967 reliqua
913 870 1151 943 consultatio⁵
1164 872 1248 962 fuit,

179 978 397 1075 quibusdam
409 979 599 1051 delendam
614 980 845 1052 censentibus
859 981 988 1051 urbem
1004 983 1247 1079 praevalidam,

178 1091 438 1188 propinquam,
457 1092 649 1161 inimicam.
669 1096 843 1162 Caeterum
864 1116 1021 1189 praesens
1040 1091 1174 1163 utilitas
1193 1095 1255 1187 Vi‘.

178 1197 227 1267 cit
242 1225 251 1266 :
266 1222 349 1267 nam
366 1214 517 1296 propter
535 1215 681 1307 agrum,
702 1225 812 1296 quem
826 1203 926 1309 omni
942 1200 1123 1273 fertilitate
1141 1218 1248 1274 terrae
1331 1284 1340 1307 ι

178 1310 261 1379 satis
274 1307 464 1379 constabat
476 1311 633 1406 primum
648 1311 685 1379 in
701 1310 801 1380 Italia
811 1335 905 1396 esse,
922 1310 1010 1381 urbs
1024 1327 1161 1382 servata
1175 1327 1246 1401 est,

177 1433 219 1488 ut
240 1433 332 1489 esset
357 1419 476 1516 aliqua
499 1435 682 1490 aratorum
702 1417 841 1491 sedes'6.
863 1419 955 1490 Urbi
973 1419 1248 1516 frequentandae

176 1529 374 1600 multitudo
396 1529 596 1601 incolarum
624 1529 952 1626 libertinorumque
973 1544 1009 1600 et
1037 1531 1246 1602 institorum

176 1639 422 1737 opificumque
436 1654 578 1711 retenta
595 1668 602 1709 :
620 1665 703 1736 ager
719 1641 835 1710 omnis
853 1655 889 1710 et
905 1654 998 1710 tecta
1017 1639 1161 1738 publica
1175 1664 1247 1741 p'o-

174 1749 253 1847 puli
263 1752 404 1821 romani
418 1749 520 1821 facta.
537 1755 715 1820 Caeterum
727 1750 882 1821 habitari
894 1764 1052 1839 tantum,
1068 1766 1243 1849 tanquam

174 1859 325 1948 urbem,
344 1866 503 1957 Capuam
523 1858 819 1956 frequentarique
836 1861 993 1956 placuit:
1009 1886 1141 1959 corpus
1160 1864 1245 1934 nul·

174 1970 253 2040 lum
266 1971 437 2056 civitatis,
451 1993 519 2039 nec
533 1982 697 2056 senatus,
712 1993 780 2038 nec
797 1969 913 2066 plebis
927 1970 1122 2068 concilium
1133 1983 1159 2061 ⁷,
1174 1999 1244 2046 nec

173 2082 400 2176 magistratus
415 2104 502 2150 esse.
522 2081 607 2150 Sine
622 2080 773 2149 consilio
791 2079 958 2176 publico,
978 2084 1055 2152 sine
1068 2083 1244 2180 imperio,

172 2190 465 2278 multitudinem,
484 2189 621 2277 'nullius
635 2191 688 2261 rei
704 2191 799 2260 inter
815 2215 852 2261 se
870 2192 1020 2279 sociam,
1034 2189 1079 2261 ad
1092 2216 1244 2264 consen·

173 2325 254 2371 sinn
271 2299 469 2371 inhabilem
489 2298 577 2370 fore.
600 2299 808 2371 Praefectum
831 2300 874 2370 ad
895 2302 977 2396 jura
992 2301 1176 2373 reddenda
1195 2300 1242 2374 ab

174 2417 288 2482 Roma
305 2413 500 2508 quotannis
521 2407 733 2481 missuros⁸.
757 2415 811 2479 lta
826 2410 870 2479 ad
885 2415 1044 2506 Capuam
1064 2436 1121 2482 res
1140 2437 1244 2483 com·

171 2524 321 2620 positae,
341 2523 496 2593 consilio
520 2521 565 2593 ab
591 2522 692 2591 omni
718 2534 818 2618 parte
838 2519 1009 2591 laudabili
1032 2548 1039 2589 :
1062 2545 1183 2592 severe
1205 2539 1243 2595 et

172 2633 338 2704 celeriter
356 2636 394 2703 in
410 2636 565 2704 maxime
577 2633 706 2702 noxios
721 2629 1008 2703 animadversum
1021 2657 1030 2718 ;
1043 2631 1242 2704 multitudo

166 2813 241 2860 Dtalr.
252 2840 288 2848 -
301 2812 346 2859 Ad
351 2812 506 2876 septuaginta
513 2810 636 2875 principes
643 2826 680 2857 se·
764 2809 789 2857 6.
806 2810 838 2855 Ut
846 2822 907 2856 esset
917 2809 1004 2874 aliqua
1014 2822 1143 2858 aratorum
1154 2810 1244 2862 sedes:

167 2904 243 2939 natus
256 2891 389 2956 interfecti,
410 2892 484 2940 immo
500 2892 611 2948 Luxu,
627 2906 682 2937 nam
726 2887 752 2936 b.
766 2889 783 2936 l.
798 2901 909 2936 aratores
923 2891 1005 2943 nonii
1019 2901 1091 2948 sunt,
1104 2891 1148 2954 qui
1159 2892 1244 2955 privp·

170 2973 271 3018 xxvu
281 2973 389 3019 VirrIum
399 2968 509 3035 sequuti,
522 2971 596 3017 XXV
606 2969 683 3018 occisi
727 2977 780 3027 tos,
793 2969 836 3014 sed
847 2969 890 3031 qui
896 2969 1007 3031 publicos
1017 2970 1104 3018 colunt
1112 2986 1186 3036 agros
1193 3006 1204 3028 ,
1219 2982 1245 3022 et

161 3045 281 3109 Calibus,
294 3062 318 3098 et
326 3052 440 3099 XXVIII
448 3049 539 3107 Teani3
550 3049 616 3096 Glar,
627 3051 684 3096 For·
727 3063 774 3111 pro
792 3047 831 3094 his
845 3048 958 3094 decumas
972 3047 1047 3107 dant,
1064 3060 1091 3096 ut
1105 3049 1172 3113 apud
1188 3051 1244 3100 Cic.

168 3130 231 3178 sitan
246 3141 314 3177 extra
328 3146 455 3177 numerum
472 3144 570 3187 eorum,
589 3128 632 3192 qui
647 3129 701 3194 in·x
727 3127 797 3174 Verr.
813 3129 863 3186 ΙΙΙ,
874 3143 919 3186 20,
931 3143 962 3187 27
977 3129 1008 3176 al.
1023 3129 1115 3178 Confer
1125 3145 1195 3192 seqq.
1207 3157 1245 3168 --

169 3194 264 3257 terfecti
280 3221 349 3266 sunt,
371 3209 455 3256 Livius
474 3208 561 3255 habuit
573 3207 682 3254 Virrium
727 3207 877 3253 Incolarum.
888 3208 936 3254 Eos
947 3207 1143 3270 cogitatCrever.
1156 3209 1244 3270 quiex

171 3300 300 3352 sequutos,
319 3299 403 3336 contra
420 3304 479 3334 vero
498 3287 584 3334 eodem
600 3286 683 3334 retulit
727 3287 773 3333 alia
792 3287 872 3351 aliqua
891 3287 951 3334 urbe
964 3286 1002 3334 vel
1019 3288 1117 3350 regione
1130 3287 1243 3352 capuam

168 3368 249 3432 capita
269 3384 351 3416 rerum
372 3366 459 3413 Atellae
481 3378 505 3413 et
523 3367 634 3424 Calatiae,
658 3366 682 3412 in
729 3366 916 3428 migrassent,
939 3366 1082 3429 etproinde
1099 3367 1246 3417 circaeam-

171 3462 239 3509 quos
255 3463 353 3510 quoque
370 3445 564 3492 animadversum
580 3458 617 3494 est
633 3461 639 3494 :
658 3445 685 3492 id
729 3446 788 3511 pani
800 3461 851 3492 non
866 3456 954 3492 essent.
966 3445 1013 3492 un.
1027 3473 1063 3482 -
1081 3445 1245 3506 Institeram,-

165 3529 222 3576 inde
237 3527 360 3587 conjicio,
374 3525 441 3587 quod
454 3524 536 3571 Livius
546 3537 683 3572 senatorum
728 3525 785 3573 vide
795 3524 825 3571 ad
835 3524 947 3572 Juvenal.
958 3525 1020 3583 Vll,
1034 3540 1093 3571 aar.

163 3608 352 3656 interfectorum
373 3619 503 3650 nnmerum
522 3604 590 3661 edat,
613 3615 681 3667 post·
765 3602 1243 3667 7.Necsenatus,necplebt'sconcilium,

163 3703 235 3751 quam
250 3685 280 3731 de
296 3683 417 3730 Atellanis
430 3695 454 3730 et
463 3680 581 3731 Calatinis
591 3682 682 3746 suppli-
725 3683 789 3730 forte
799 3682 846 3744 leg.
858 3693 987 3738 senatum,·
1001 3670 1110 3729 Duk.'-
1119 3682 1172 3728 sine
1182 3693 1244 3732 con·-

163 3767 227 3813 eium
239 3774 363 3826 sumptum
374 3774 496 3810 narrasset
503 3780 510 3821 ;
517 3762 596 3820 Drak.
724 3761 778 3808 silio
783 3761 901 3824 publico,·
912 3761 970 3808 vide
981 3761 1012 3807 ad
1021 3762 1123 3817 XXIII,
1137 3776 1167 3819 a,
1179 3777 1208 3810 n.
1218 3764 1244 3811 5.

200 3845 223 3890 t.
237 3843 339 3904 Reliqua
355 3842 500 3890 consultatio
523 3841 559 3888 uit
571 3857 680 3904 procon-
761 3839 940 3904 &Praefectum
953 3839 1055 3903 adjura
1066 3839 1196 3888 reddenda
1209 3844 1243 3890 ab

164 3923 256 3979 sulum,
277 3921 316 3967 vel
332 3920 415 3983 potins
433 3921 529 3967 consilii
550 3920 674 3976 militaris,
721 3922 750 3966 a.
760 3936 784 3982 q,
795 3920 902 3982 Capuam
913 3919 1026 3965 missuros
1035 3935 1073 3977 se,
1083 3934 1169 3982 propr.
1185 3922 1244 3970 mit·

163 3999 218 4066 quia
228 4017 286 4048 mox
299 3999 387 4047 dieitur
402 3999 546 4062 quibusdam
558 3999 674 4045 censenti·
721 3993 821 4063 tendum
828 3997 1101 4065 curaturosavidmupra
1107 3997 1140 4044 ad
1146 3997 1245 4048 librum

165 4084 214 4129 hus.
229 4080 320 4131 Confer
333 4095 387 4142 cap.
404 4079 444 4123 33.
722 4079 773 4136 IX,
788 4093 840 4139 rap.
851 4093 898 4134 ao,
911 4093 969 4124 na.
