2768 4574
182 290 209 391 l,
222 293 306 398 {13⁴3ss
340 314 433 380 mn
456 315 595 382 xxix.
619 319 722 387 car.
746 322 898 388 xxxv.
920 266 1099 389 xxxvl.
1143 320 1210 392 515

101 452 103 456 ’
155 434 376 531 aliquantum
393 436 500 505 maris
511 438 666 533 spatium
681 439 898 527 extenditur,
910 446 1125 514 communit:
1139 470 1213 514 uno

156 544 248 614 vallo
263 559 299 615 et
311 544 448 615 navalia
463 559 598 616 castra⁷
614 548 851 644 amplectitur.
865 552 955 645 lugo
971 530 1091 622 medio
1110 553 1216 650 legio·

156 680 243 725 num
260 657 383 725 castris
398 656 589 752 impositis,
607 657 693 727 litus
705 656 750 727 ad
763 657 1056 754 septemtrionem
1071 686 1214 733 versum

156 764 341 835 subductae
360 788 467 835 naves
489 766 704 863 navalesque
727 769 814 837 socii
835 765 1025 854 tenebant;
1046 771 1214 842 meridia-

158 903 239 948 nam
257 878 387 948 vallem
404 876 449 946 ad
468 877 620 948 alterum
637 879 722 950 litus
741 878 914 950 devexam
928 878 1121 973 equitatus.
1134 886 1220 952 Haec

157 991 193 1057 iu
217 987 335 1057 Africa
349 1012 463 1082 usque
480 987 525 1057 ad
544 1004 745 1061 extremum
764 990 929 1060 autumni
944 1003 1051 1086 gesta.

206 1101 365 1167 XXXVI.
395 1101 526 1167 Praeter
547 1115 761 1171 convectum
785 1099 945 1196 undique
972 1122 1016 1168 ex
1038 1100 1220 1197 populatis

158 1208 251 1277 circa
265 1209 357 1305 agris
370 1205 593 1278 frumentum
608 1224 901 1306 commeatusque
918 1235 962 1279 ex
980 1209 1098 1279 Sicilia
1111 1222 1221 1303 atque

161 1318 258 1386 Italia
277 1317 455 1404 advectos,
472 1321 536 1388 Cn.
547 1320 715 1390 Octavius
729 1335 930 1416 propraetor
942 1345 987 1389 ex
1001 1317 1162 1389 Sardinia
1176 1317 1222 1388 ab

158 1430 210 1497 Ti.
221 1428 371 1499 Claudio
384 1442 550 1525 praetore,
564 1428 667 1522 cujus
681 1434 722 1498 ea
734 1430 918 1525 provincia
932 1443 1025 1516 erat,
1039 1429 1220 1524 ingentem

159 1541 229 1608 vim
241 1537 415 1608 frumenti
428 1537 590 1624 advexit3
607 1537 810 1634 horreaque
822 1564 897 1608 non
912 1538 1048 1623 solum,
1060 1537 1220 1632 quaejam
1285 1613 1289 1619 ,

157 1649 249 1720 facta
272 1661 394 1734 erant,
414 1649 570 1744 repleta,
592 1648 655 1718 sed
681 1672 772 1718 nova
795 1647 976 1719 aedificata.
1002 1649 1225 1718 Vestimenta

158 1760 331 1830 exercitui
359 1758 543 1828 deerant:
571 1757 609 1828 id
640 1758 849 1829 mandatum
880 1759 1043 1841 Octavio,
1070 1771 1111 1827 ut
1137 1781 1221 1827 cum

157 1862 312 1966 praetore
331 1883 470 1966 ageret,
486 1869 515 1938 si
531 1867 620 1964 quid
639 1893 684 1938 ex
708 1894 748 1938 ea
767 1870 951 1966 provincia
970 1866 1170 1962 comparari
1184 1889 1224 1936 ac

160 1981 254 2048 mitti
280 1991 425 2074 posset:
449 2003 490 2048 ea
517 2002 666 2073 quoque
693 1977 791 2048 haud
820 1978 977 2074 segniter
1005 1990 1127 2045 curata
1156 1998 1223 2044 res.

157 2087 255 2156 Mille
270 2086 432 2156 ducentae
447 2101 538 2183 togae
548 2098 574 2172 ¹,
587 2085 689 2156 brevi
702 2089 834 2183 spatio,
852 2101 888 2156 et
901 2084 1092 2156 duodecim
1111 2083 1222 2154 millia

160 2198 362 2267 tunicarum
379 2197 496 2266 missa.
512 2202 645 2268 AEstate
663 2222 725 2286 ea,
743 2223 816 2294 qua
832 2199 907 2268 haec
924 2198 961 2268 in
983 2194 1102 2267 Africa
1122 2210 1222 2294 gesta

157 2321 259 2396 sunt,
284 2311 319 2376 P.
348 2308 583 2402 Sempronius
614 2307 760 2395 consul,
793 2310 850 2379 cui
877 2308 1007 2378 Bruttii
1038 2306 1221 2403 provincia

158 2434 252 2505 erat,
270 2419 308 2488 in
327 2443 413 2516 agro
433 2420 653 2490 crotoniensi
672 2443 755 2489 cum
774 2417 974 2490 Hannibale
998 2419 1036 2487 in
1058 2418 1138 2514 ipso
1158 2417 1218 2485 iti-

157 2553 243 2597 nere
265 2529 502 2599 tumultuario
521 2529 643 2627 praelio
666 2528 847 2599 conflixit:
866 2526 1068 2624 agminibus
1088 2527 1220 2620 magis,

157 2658 268 2728 quam
288 2637 382 2718 acie,
402 2652 603 2732 pugnatum
625 2652 687 2708 est.
705 2639 858 2715 Romani
876 2636 986 2729 pulsi,
1005 2649 1041 2704 et
1059 2633 1221 2704 tumultu

160 2863 290 2915 XXth,
302 2875 327 2905 n.
338 2861 370 2915 6,
387 2868 411 2904 et
422 2857 489 2921 apud
501 2857 588 2923 Polyb.
597 2859 668 2915 XIV,
712 2859 756 2907 lud
768 2860 802 2906 ita
820 2869 961 2922 porrectum
978 2873 1030 2905 esse
1046 2859 1072 2905 in
1089 2857 1177 2917 altum,
1193 2870 1220 2906 ut

158 2958 187 2998 2,
198 2943 222 2998 3,
232 2939 274 3002 qui
282 2938 358 3000 magis
365 2952 448 2983 versus
457 2934 581 2982 meridiem
590 2936 668 2984 Uticae
711 2936 832 2984 maritum
843 2953 857 2982 a
869 2936 1042 2999 septemtrione
1059 2947 1110 2985 tum
1124 2953 1138 2983 a
1152 2937 1222 2983 meri-

158 3022 218 3068 situs
232 3019 304 3065 fuisse
319 3015 437 3063 videatur.
457 3013 528 3062 Conf.
545 3014 620 3060 Drak.
636 3014 667 3061 ad
712 3015 752 3062 die
763 3016 915 3077 cingeretur3
926 3015 1008 3077 sicque
1021 3013 1085 3060 nihil
1091 3015 1137 3061 erit
1146 3026 1221 3061 muta·

157 3101 182 3147 h.
196 3100 213 3146 l.
227 3109 251 3145 et
268 3099 355 3143 Morus
372 3095 404 3142 ad
421 3097 482 3144 Caes.
496 3095 525 3141 B.
537 3095 565 3142 C.
576 3095 612 3149 H,
624 3101 666 3148 24.
710 3093 778 3141 tione
789 3109 859 3157 opus.
870 3093 915 3140 Eo.

156 3176 251 3224 -Vid
264 3191 362 3239 quoque
375 3173 439 3222 Plio.
450 3172 493 3221 tib.
503 3173 536 3230 V,
550 3187 572 3219 c.
580 3179 603 3226 4.
619 3174 665 3219 Eo.
745 3174 805 3222 Car.
815 3172 936 3218 XXXVI.
949 3186 972 3218 1.
983 3169 1052 3216 Mitto
1062 3170 1172 3218 ducentae
1184 3183 1220 3218 to-

194 3274 218 3317 7.
230 3257 263 3302 Et
272 3253 371 3301 navalia
381 3264 475 3306 castra,
486 3251 615 3298 stationem
626 3266 666 3296 na·
708 3268 763 3316 gar,
782 3251 845 3297 forte
854 3267 886 3297 m.
896 3250 1000 3296 ducenta
1012 3264 1074 3312 saga
1080 3267 1091 3306 ;
1100 3251 1158 3297 Em.
1173 3252 1220 3300 Sed

158 3339 236 3393 vium,
250 3345 277 3381 ut
285 3334 376 3390 XXX,
387 3347 418 3394 9,
437 3343 461 3377 et
474 3347 513 3393 ap.
524 3329 585 3377 Caes.
597 3330 625 3376 B.
635 3329 665 3376 G.
710 3330 768 3377 vide
778 3330 809 3376 ad
818 3346 872 3393 cap.
884 3330 907 3376 3.
917 3345 943 3375 n.
958 3343 982 3375 a.
998 3353 1034 3362 —
1049 3329 1079 3373 In
1092 3344 1153 3392 agro
1167 3345 1221 3377 cro-

158 3416 190 3471 V,
201 3430 242 3460 aa.
254 3415 287 3459 Et
296 3410 396 3458 navalia
406 3421 429 3456 et
439 3420 520 3456 castra
530 3411 582 3458 Pet.
591 3407 664 3471 prob.
711 3408 820 3456 seniensi.
828 3412 898 3456 Hanc
905 3407 1048 3469 scripturam
1057 3407 1141 3471 potius
1150 3424 1222 3470 quam

160 3494 237 3539 Gron.
251 3493 283 3536 Et
297 3489 421 3538 navalium
437 3499 518 3536 castra
536 3488 593 3535 edd.
610 3498 665 3535 ante
710 3486 854 3542 crotonensi,
866 3501 920 3548 quae
930 3484 1045 3532 tamenin
1054 3484 1136 3533 multis
1145 3486 1218 3535 codd.

160 3573 236 3621 Drak.
253 3569 297 3618 Τὸν
313 3568 467 3637 νάυσταθμον
482 3569 544 3618 dixit
556 3571 664 3634 Appian·
710 3566 841 3630 reperitur,
855 3579 868 3610 a
883 3563 953 3610 libris
969 3561 1066 3626 scriptis
1080 3562 1219 3613 confirmari

159 3650 221 3697 Pun.
232 3656 274 3703 aa.
285 3675 317 3684 -
326 3649 453 3695 Subducta
463 3662 553 3702 naves;
566 3647 623 3694 vide
636 3645 668 3693 ad
712 3645 797 3693 asserit
810 3645 920 3691 Gronov.
932 3641 963 3689 ad
974 3641 1018 3690 lib.
1029 3644 1156 3702 XXVIII,
1166 3645 1200 3691 26
1211 3659 1217 3692 :

160 3729 237 3785 v111‚
252 3728 299 3783 26,
312 3742 337 3773 u.
353 3741 374 3772 1.
383 3753 418 3762 -
428 3726 583 3788 Navalesque
593 3724 666 3780 socia
712 3723 774 3772 adde
786 3722 870 3786 Sigon.
880 3721 912 3768 ad
924 3720 976 3767 Liv.
987 3722 1077 3778 XXII,
1093 3721 1140 3780 61,
1156 3738 1218 3785 quon

160 3807 216 3853 vide
233 3806 265 3853 ad
288 3805 331 3854 lib.
354 3807 407 3862 tx,
428 3807 475 3862 38,
495 3821 520 3851 u.
537 3820 558 3852 1.
592 3806 668 3850 Latus
713 3803 772 3850 citat
780 3813 803 3849 et
811 3801 921 3864 sequitur
929 3797 1004 3847 Drak.
1012 3800 1057 3846 En.
1075 3802 1217 3849 -Tumub

161 3884 231 3932 multi
248 3885 326 3942 MSS,
345 3884 384 3931 bis
401 3899 447 3947 pro
464 3884 529 3931 litus.
546 3911 581 3919 -
600 3882 667 3929 Illud
713 3882 792 3929 mario
799 3880 901 3944 praelio;
910 3878 967 3926 vide
974 3877 1006 3924 ad
1016 3879 1041 3936 1,
1051 3878 1082 3939 37
1092 3914 1099 3937 ,
1108 3896 1133 3927 u.
1145 3888 1169 3936 4.
1183 3907 1218 3917 -

160 3967 260 4012 fortasse
278 3962 431 4034 commodius
441 3975 512 4027 putat
525 3963 666 4011 Glareanus.
701 3999 702 4002 ,
711 3956 853 4026 Agminibus
862 3973 940 4022 magra
943 3991 951 4013 ,
966 3972 1040 4020 quam
1049 3957 1115 4014 orie,
1123 3973 1218 4024 pugna·

160 4046 291 4091 Possumus
302 4053 381 4090 tamen
395 4042 530 4107 intelligere
538 4044 625 4107 jugum
636 4041 666 4087 il·
711 4051 778 4096 mnu
792 4039 849 4086 vide
859 4036 936 4095 adX,
951 4035 1026 4093 45,n.
1037 4035 1061 4083 6.

981 4117 1044 4191 33.
