2768 4574
195 324 265 398 286
617 324 656 391 r.
689 326 831 392 mvn
1103 302 1234 413 itis'llt

192 446 263 532 lio,
285 450 324 517 1.
342 445 487 516 Cincius
505 444 724 531 Alimentus,
743 467 857 541 quum
880 444 1003 539 paucis
1019 458 1103 517 ante
1123 446 1263 519 diebus

193 582 239 627 ex
256 555 374 627 Sicilia
389 553 549 626 redisset.
564 556 609 624 Hi
625 556 791 625 nuntiare
807 553 947 624 consuli
961 555 1067 649 jussi,
1085 571 1147 645 ut,
1161 559 1192 627 si
1212 558 1264 628 ad

87 680 97 689 '
194 670 337 739 comitia
355 669 431 763 ipse
458 671 608 737 Romam
636 667 760 737 venire
783 690 858 735 non
879 679 1019 760 posset,
1040 666 1265 739 dictatorem

191 784 230 849 in
244 802 329 874 agro
344 800 496 847 romano
515 775 650 845 diceret
668 776 896 846 comitiorum
913 785 1052 845 causa².
1071 778 1107 848 Si
1125 778 1264 852 consul

192 894 384 959 Tarentum
400 884 584 984 profectus
598 900 708 973 esset,
718 890 761 976 Q.
772 884 964 956 Claudium
977 900 1172 983 pratorem
1181 890 1265 987 pla·

192 1025 274 1071 cere
288 1001 326 1068 in
345 1023 423 1068 eam
438 998 623 1094 regionem
640 996 726 1067 inde
741 994 918 1068 abducere
932 997 1110 1094 legiones,
1127 1000 1266 1096 inqua

190 1111 363 1209 plurimas
386 1110 567 1178 sociorum
586 1104 695 1176 urbes
711 1108 806 1176 tueri
831 1120 960 1203 posset.
981 1107 1116 1178 Eadem
1133 1124 1265 1182 aestate

140 1292 144 1303 ,
192 1224 241 1291 Μ.
260 1218 423 1289 Valerius
441 1241 522 1287 cum
543 1216 652 1286 classe
674 1227 821 1285 centum
841 1218 988 1287 navium
1010 1243 1055 1288 ex
1075 1218 1199 1289 Sicilia
1222 1223 1266 1292 in

192 1326 346 1399 Africam
365 1327 582 1414 transmisit,
601 1337 657 1412 et,
675 1323 722 1394 ad
740 1324 916 1423 Clupeam
936 1323 1087 1397 urbem³
1105 1352 1265 1403 exscen-

193 1441 293 1510 sione
316 1436 428 1524 facta,
450 1460 576 1533 agrum
599 1435 690 1522 late,
716 1434 816 1506 nullo
837 1434 949 1507 lerme
968 1434 1077 1507 obvio
1094 1454 1264 1527 armato,

192 1547 365 1620 vastabat.
392 1547 483 1617 Inde
506 1546 551 1617 ad
573 1569 682 1615 naves
705 1546 835 1640 raptim
858 1544 1078 1642 praedatores
1093 1551 1264 1645 recepti,

194 1658 278 1752 quia
296 1671 447 1753 repente
468 1654 562 1726 fama
580 1655 744 1743 acciditl,
755 1656 905 1726 classem
929 1657 1098 1753 punicam
1117 1657 1265 1731 adven-

192 1781 267 1836 tare
295 1767 514 1863 :octoginta
539 1780 641 1836 erant
664 1779 701 1835 et
726 1779 799 1836 tres
827 1788 947 1836 naves.
973 1768 1063 1835 Cum
1088 1765 1133 1835 iis
1157 1765 1265 1841 haud

193 1874 322 1973 procul
340 1874 476 1971 Clupea
498 1898 671 1972 prospere
695 1888 833 1971 pugnat
846 1879 1054 1945 Romanus:
1074 1872 1265 1950 decernet

193 2000 276 2056 octo
291 1982 444 2054 navibus
454 1985 586 2081 captis,
603 1982 733 2081 fugatis
749 1984 844 2068 aliis,
859 2008 943 2055 cum
956 2009 1086 2082 magna
1094 1990 1263 2059 terrestri

194 2095 384 2189 navalique
410 2093 530 2189 praeda
554 2093 752 2189 Lilybaeum
775 2094 893 2165 rediit.
916 2094 1049 2165 Eadem
1074 2108 1199 2167 aestate
1223 2110 1262 2169 et

192 2203 377 2299 Philippus
394 2201 673 2298 implorantibus
689 2204 827 2273 Achaeis
848 2204 1020 2275 auxilium
1037 2204 1142 2291 tulit,
1160 2230 1261 2302 quos

193 2323 229 2382 et
251 2310 480 2383 Machanidas
507 2328 679 2407 tyrannus
701 2312 1077 2386 Lacedaemoniornm⁵
1096 2314 1260 2389 finitimo

193 2421 291 2493 bello
314 2420 458 2510 urebat,
486 2436 521 2492 et
546 2423 671 2511 AEtoli,
699 2420 850 2495 navibus
873 2449 940 2523 per
967 2423 1123 2515 fretum,
1153 2428 1261 2524 quod

191 2528 440 2627 Naupactum‘l
454 2539 502 2601 'et
525 2538 646 2603 Patras
669 2532 844 2631 interfluit
869 2534 1010 2630 (Rhion
1037 2536 1167 2608 incolae
1195 2564 1263 2611 vo·¹

192 2640 316 2735 cant),
339 2642 499 2712 exercitu
522 2643 689 2736 trajecto,
717 2642 928 2740 depopulati
952 2660 1067 2715 erant.
1094 2649 1258 2721 Attalum

192 2775 341 2847 quoque
359 2773 481 2846 regem
499 2752 606 2839 Asiae,
622 2753 707 2847 quia
723 2754 829 2823 AEtoli
849 2779 1030 2827 summum
1047 2759 1166 2854 gentis
1181 2785 1259 2831 suae

224 2956 249 2986 2.
259 2937 295 2984 Hi
302 2937 415 2993 nuntiare
423 2938 516 2984 consuli
518 2939 591 3002 jussi,
599 2953 626 2988 ut
631 2939 699 3006 (vide
743 2961 844 3008 susque,
850 2945 961 3014 finitimo
971 2948 1031 2997 bello
1040 2950 1129 2998 urebat
1137 2952 1261 3017 Achaeon
1272 2962 1276 2967 '

188 3018 313 3075 dxxv,
323 3032 369 3073 aa,
379 3033 404 3064 n.
416 3016 439 3082 ι)
449 3015 626 3067 dictatoremin
637 3038 698 3086 agro
743 3040 767 3072 v.
778 3024 812 3071 rd
823 3027 861 3085 X,
879 3042 919 3087 17,
931 3044 956 3074 n.
970 3043 996 3087 ¹3
1008 3028 1136 3089 XXVIII,
1148 3032 1179 3089 8,·
1191 3050 1220 3083 n.
1230 3036 1260 3094 5,

189 3111 292 3144 romano
304 3093 393 3162 diceret
402 3093 553 3141 conuitiorum
562 3113 653 3158 caasa;
667 3102 698 3148 cf.
743 3114 768 3152 et
776 3104 864 3170 Polyb.
874 3108 913 3164 X,
925 3110 1026 3167 41311,
1039 3112 1261 3171 11-2o;1111,·o.

190 3192 244 3239 cap,
259 3174 284 3229 5,
301 3171 345 3217 ubi
356 3170 459 3231 legimus
471 3188 599 3222 romanum
612 3195 698 3243 agrum
778 3184 802 3230 6.
815 3186 924 3243 Bretina,
938 3185 1007 3249 qnod
1016 3187 1177 3251 Naupactum
1189 3193 1262 3257 (vide

189 3251 267 3299 Italici
281 3247 407 3295 terminari
415 3260 438 3295 et
449 3262 520 3297 extra
530 3270 583 3300 eum
597 3256 699 3305 dictato·
743 3261 885 3323 mxxvi,
897 3264 943 3323 26,
959 3282 984 3313 n.
998 3263 1022 3330 1)
1034 3277 1059 3312 et
1072 3270 1165 3316 Patras
1184 3270 1261 3339 (opp.

190 3330 240 3377 rim
251 3326 302 3373 dici
311 3342 360 3372 non
366 3342 445 3389 posse.
458 3329 506 3377 Sed
520 3330 544 3379 h.
557 3333 573 3381 l.
584 3336 650 3383 nulla
661 3354 700 3383 ra·
744 3340 842 3389 Achaiae
852 3344 1008 3410 maritimum)
1019 3343 1149 3412 intefind,
1161 3348 1262 3411 Mica,

189 3410 225 3457 210
234 3405 544 3464 ast‚insenatusconsulto
557 3413 665 3463 addendi
673 3415 699 3462 in
744 3435 787 3467 seu
809 3421 917 3480 Rhium,
942 3424 1022 3471 lauces
1047 3424 1266 3481 corinthii-sim

190 3501 251 3552 agro
265 3499 380 3540 romano,
397 3497 421 3532 et
433 3485 485 3534 baec
500 3489 572 3536 verba
588 3494 699 3540 lorsane
730 3500 872 3563 ffixvnr,
891 3518 904 3561 ς
922 3513 982 3550 extr.
997 3502 1102 3559 fretum,
1119 3522 1173 3571 quo
1191 3510 1265 3561 sinus

190 3582 243 3630 cap.
255 3565 269 3611 5
282 3562 331 3610 huc
343 3563 472 3624 translata3
486 3567 551 3615 nuk.
741 3577 783 3623 hic
804 3578 940 3627 effunditur
958 3597 989 3626 ex
1003 3582 1065 3628 mari
1080 3584 1165 3635 Ionio.
1186 3588 1265 3641 Confi

224 3646 249 3691 3.
261 3643 303 3690 Ad
313 3643 428 3706 Clupeam
441 3647 537 3704 πύθη,-
547 3650 599 3698 vid.
611 3651 641 3698 ad
654 3653 696 3700 sit.
741 3656 801 3703 Mel.
814 3659 891 3717 11‚3;
904 3658 991 3722 Polyb.
1003 3660 1048 3715 IV,
1061 3662 1096 3717 64
1109 3678 1152 3727 pr.
1161 3690 1202 3705 -
1211 3670 1268 3719 Oh-

189 3725 240 3779 111,
252 3723 316 3778 243,
328 3729 387 3776 244.
741 3746 822 3782 servat
832 3735 1064 3786 GlareanuuaLivio
1072 3740 1165 3791 fretum
1173 3746 1269 3799 Rhion

223 3809 247 3855 4.
257 3800 438 3864 Repentefitma
448 3804 555 3865 accidit,·
566 3807 615 3854 vid.
625 3825 698 3874 supra
741 3815 842 3874 vocari,
861 3822 937 3879 quum
957 3817 1060 3877 suabe,
1075 3818 1121 3869 lib.
1133 3824 1220 3887 vm,
1233 3840 1270 3879 -α

187 3880 218 3927 ad
231 3881 307 3935 xxl,
324 3894 365 3936 10,
378 3897 403 3928 n.
417 3884 455 3929 15.
741 3893 902 3952 Ptolemaeus,
918 3886 970 3953 1'11,
988 3896 1032 3954 16,
1047 3906 1228 3961 promontorii
1241 3908 1272 3957 id

224 3958 248 4005 5.
265 3957 428 4006 illachauidas
444 3973 560 4023 tyranizat
577 3966 667 4013 Laced.
682 3986 695 4015 a
741 3987 831 4020 nomen
845 3974 942 4021 tradant
958 3975 984 4021 in
998 3974 1099 4025 modum
1118 3980 1195 4031 saleis
1211 3986 1272 4037 lon·

187 4036 383 4099 Philopoemene.
396 4055 416 4084 a.
428 4041 458 4085 t'.
471 4039 532 4093 tto.
543 4044 622 4105 victus
634 4047 694 4093 occi·
741 4050 793 4112 gius
804 4053 933 4112 producti,
945 4052 1010 4099 unde
1024 4054 1274 4131 Ineptum-appel.
