2768 4574
193 303 263 384 too
545 358 560 397 .,
611 299 650 365 τ.
680 300 823 366 mvn
1102 275 1224 384 attat:

192 418 330 515 effugit.
346 420 444 485 Dum
461 414 536 486 haec
549 414 594 484 ad
607 417 730 486 Baetim
748 417 899 487 fluvium
914 433 1107 515 geruntur,
1123 418 1250 487 Laelius

192 529 349 611 interim,
360 524 453 596 freto
466 526 503 594 in
510 529 695 596 Oceanum
705 543 861 617 evectus,
876 526 921 597 ad
931 529 1129 597 Carteiam²
1140 528 1249 598 classe

193 638 363 709 accessit:
383 634 472 706 urbs
493 637 588 705 eain
608 660 671 706 ora
685 639 819 708 Oceani
835 638 902 708 sita
922 652 993 726 est,
1012 637 1076 707 ubi
1091 639 1249 735 primum

192 745 391 820 elaucihus
406 747 564 841 angustis
578 745 748 842 panditur
763 771 873 816 mare.
894 745 1030 833 GadeS,
1045 747 1122 815 sine
1140 761 1250 817 certa·

192 859 309 944 mine,
331 854 537 953 proditione
553 855 771 952 recipiendi,
793 856 891 925 ultro
905 857 968 951 qui
986 879 1064 925 eam
1079 880 1156 924 rem
1170 856 1250 952 pol·

191 968 407 1053 licerentur,
424 967 462 1035 in
481 979 594 1035 castra
608 988 758 1034 romana
772 963 1019 1051 venientibus,
1040 988 1138 1060 spes,
1158 966 1251 1035 sicut

193 1092 276 1149 ante
293 1076 430 1147 dictum
447 1090 519 1164 est,
540 1074 669 1145 fuerat.
689 1073 866 1145 Patefacta
883 1077 1073 1146 immatura
1091 1074 1250 1171 proditio

192 1202 262 1275 est,
277 1185 631 1283 comprehensosque
647 1209 772 1255 omnes
785 1189 892 1283 Mago
902 1183 1096 1256 Adherbali
1107 1186 1251 1281 praetori

191 1298 442 1394 Carthaginem
457 1294 688 1365 devehendos
703 1294 821 1364 tradit.
837 1294 1037 1381 Adherbal,
1055 1295 1250 1390 conjuratis

191 1409 229 1477 in
253 1409 555 1503 quinqueremem
579 1405 774 1501 impositis,
800 1405 1052 1501 praemissaque
1080 1429 1138 1488 ea,
1166 1406 1251 1501 quia

192 1517 343 1602 tardior,
364 1539 474 1611 quam
492 1514 665 1600 triremis,
685 1528 760 1583 erat
770 1509 798 1600 ³,
813 1514 889 1611 ipse
905 1537 987 1583 cum
1003 1526 1086 1582 octo
1102 1514 1251 1583 triremi-

190 1625 260 1696 bus
279 1623 423 1694 modico
444 1622 633 1693 intervallo
652 1624 828 1717 sequitur.
848 1628 925 1692 Jam
945 1621 1077 1692 fretum
1094 1623 1251 1692 intrabat

190 1734 482 1832 quinqueremis,
502 1757 616 1829 quum
629 1732 773 1820 Laelius,
795 1732 923 1828 etipse
941 1732 979 1800 in
993 1733 1251 1827 quinqueremi

191 1871 212 1916 e
230 1859 339 1941 portu
352 1845 517 1929 Carteiae,
533 1840 770 1939 sequentibus
785 1856 922 1938 septem
938 1840 1160 1928 triremibus,
1175 1866 1252 1911 eve-

191 1973 288 2045 ctus,
309 1961 347 2027 in
357 1955 598 2028 Adherbalem
619 1981 659 2026 ac
674 1958 837 2026 triremes
857 1955 1057 2043 invehitur,
1074 1956 1252 2052 quinque·

190 2093 327 2140 remem
349 2069 432 2136 satis
449 2065 600 2137 credens
620 2065 832 2163 deprensam
854 2067 981 2164 rapido
1003 2069 1041 2135 in
1059 2065 1194 2152 tretot,
1213 2069 1250 2135 in

191 2177 378 2248 adversum
401 2191 526 2246 aestum
544 2178 760 2273 reciprocari
779 2202 854 2248 non
871 2202 987 2275 posse.
1005 2183 1137 2248 Poenus
1155 2180 1195 2246 in
1211 2202 1250 2246 rc

190 2285 308 2358 subita
323 2310 518 2383 parumper
536 2289 696 2357 incertus
713 2286 921 2383 trepidavit,
936 2301 1059 2356 utrum
1077 2287 1252 2381 quinque-

189 2420 327 2466 remem
350 2410 585 2492 sequeretur,
608 2420 654 2464 an
672 2397 710 2464 in
731 2394 854 2465 hostes
876 2411 992 2465 rostra
1011 2410 1247 2466 converteret.

226 2622 250 2653 a.
260 2605 304 2652 Ad
315 2605 449 2662 Carteiam,
459 2617 508 2655 ete.
519 2606 569 2653 vid.
581 2607 658 2663 xxt,
672 2606 697 2664 5,
742 2627 755 2646 «
764 2607 801 2653 De
812 2621 860 2668 qua
872 2621 897 2652 re
909 2605 952 2652 vix
964 2606 1095 2669 quidquam
1106 2608 1166 2655 certi
1177 2610 1251 2657 credo

186 2701 215 2735 n.
226 2686 250 2732 3,
259 2711 295 2720 -
305 2688 360 2733 Hoc
372 2701 423 2732 esse
435 2701 525 2732 nomen
538 2684 641 2731 duorum
651 2699 697 2748 op·
742 2684 817 2732 statui
826 2700 907 2748 posse.
919 2685 978 2732 Non
986 2685 1149 2751 improbabile
1163 2700 1211 2746 est,
1222 2702 1250 2735 ut

188 2763 305 2828 pidornm
322 2774 392 2827 putat
405 2764 547 2812 Glareanus.
562 2764 627 2811 Narn
640 2764 698 2811 Pto·
742 2779 823 2822 nunc,
837 2763 870 2810 ita
880 2763 938 2811 olim
949 2779 1058 2827 quoque,
1070 2765 1134 2812 inter
1144 2766 1251 2826 ejusdem

188 2842 302 2897 lemaeus,
316 2843 355 2900 11,
370 2850 418 2902 to,
434 2842 558 2890 Carteiam
570 2843 635 2891 intra
646 2842 699 2890 Cal·
743 2841 837 2905 generis
859 2853 884 2890 et
904 2843 1078 2905 magnitudinis
1100 2860 1173 2891 naves
1193 2845 1251 2893 allas

188 2938 237 2985 pen
249 2920 327 2984 ponit.
339 2923 372 2968 At
383 2921 435 2968 haec
447 2921 580 2985 descriptio
591 2921 699 2970 ostendit
742 2920 797 2968 aliis
807 2921 954 2978 velociores,
967 2922 1024 2968 alias
1037 2923 1155 2969 tardiores
1165 2924 1249 2980 fuisse;

188 3011 258 3048 extra
277 2996 367 3046 fretum
384 3016 451 3059 esee,
470 2998 538 3062 quod
561 3000 623 3048 Plin.
646 3003 699 3059 Ill,
742 2999 816 3063 idque
826 3001 865 3047 vel
874 3017 906 3047 ex
914 3001 1079 3065 eo,quodhae
1089 3002 1250 3050 inscitefactae

191 3094 202 3125 r
221 3094 266 3125 seu
286 3078 317 3134 3,
339 3078 410 3125 fateri
426 3077 538 3136 videtur,
564 3080 606 3142 qni
630 3078 698 3125 addit
743 3078 876 3142 essent(cf.
888 3080 1137 3144 xxxv1‚43),vel
1151 3082 1204 3128 aliis
1219 3082 1250 3128 de

191 3158 320 3204 Tartesson
330 3173 345 3203 a
357 3156 449 3204 Graecis
465 3156 521 3203 dici.
537 3157 611 3218 Quod
624 3158 645 3203 si
656 3173 698 3204 ve·
743 3159 822 3205 causis
836 3156 889 3205 fieri
901 3158 1019 3222 potuisse.
1037 3154 1089 3206 Nec
1103 3177 1197 3224 semper
1208 3177 1251 3207 na·

188 3252 242 3283 rum
254 3246 305 3292 eat,
316 3234 382 3281 haud
394 3234 468 3281 dubie
482 3250 509 3281 ea
519 3234 597 3281 videri
610 3234 698 3294 debet,
743 3252 785 3283 ves
802 3251 832 3282 eo
850 3237 984 3284 velociores
1000 3237 1088 3296 fnisse,
1103 3254 1151 3301 quo
1170 3239 1252 3302 plures

187 3312 525 3379 qnamStrab0,lib.III,ad
533 3313 695 3370 Baetislluvii,
742 3330 863 3363 remorum
886 3315 984 3362 ordines
1007 3316 1145 3374 habehant,
1170 3334 1201 3364 ex
1221 3318 1251 3365 iis

187 3393 230 3455 qui
245 3405 270 3441 et
279 3393 331 3456 ipse
340 3390 471 3454 aliquando
484 3392 605 3438 Tartessos
617 3391 697 3438 dictus
740 3393 832 3457 liquet,
850 3411 903 3457 quae
920 3394 985 3440 Flor.
1002 3397 1048 3452 tv,
1067 3412 1098 3452 2,
1120 3408 1145 3442 et
1162 3397 1203 3443 alii
1220 3397 1251 3444 de

187 3483 237 3529 eat,
246 3471 309 3519 ostia
318 3470 399 3534 ponit.
409 3470 592 3529 Livius,xx1‚
603 3470 627 3527 5,
637 3469 697 3516 Car·
741 3473 846 3519 Antonii
854 3483 878 3519 et
888 3472 988 3519 Caesaris
997 3474 1125 3520 Octaviani
1135 3475 1251 3523 classibus

187 3550 262 3598 teiam
279 3548 399 3596 Olcadum
411 3547 491 3612 gentis
504 3559 579 3609 caput
595 3547 653 3595 facit
666 3565 698 3594 ex
741 3551 914 3613 prodiderunt.
926 3552 957 3596 Et
966 3550 1032 3596 leves
1041 3567 1069 3597 ac
1079 3553 1176 3615 fugaces
1187 3555 1251 3618 pira·

186 3628 306 3692 Polybio:
319 3628 420 3675 Carteiae
436 3627 508 3674 etiam
525 3625 556 3671 ad
574 3629 697 3673 Oceanum
741 3639 819 3676 tarum
832 3644 996 3693 myoparones
1009 3646 1072 3693 saepe
1088 3632 1161 3695 longe
1177 3635 1251 3693 majo-

186 3706 413 3765 meminit,XLIII,
424 3707 541 3753 3.En.-
550 3704 639 3761 Gades,
646 3705 697 3751 siae
741 3722 780 3753 res
791 3723 864 3754 naves
876 3707 996 3754 celeritate
1010 3708 1149 3758 vincebant,
1159 3733 1171 3751 n
1183 3711 1250 3760 nuk.

187 3784 326 3840 certamine,
333 3783 426 3846 prodit.
434 3781 566 3845 recipiendi
572 3799 637 3845 spes,
649 3794 695 3830 etc.
741 3787 882 3831 —Fretum
898 3786 1053 3833 Gaditanum.

187 3861 238 3907 vid.
248 3878 301 3925 cap.
311 3864 352 3909 23.
777 3871 800 3918 A.
810 3866 959 3926 Deprensum
968 3865 1056 3928 rapido
1067 3865 1165 3931 infreto
1182 3865 1249 3931 (vid.

223 3940 246 3986 3.
268 3941 444 4004 Praemissaqua
465 3956 495 3986 ea
513 3941 696 4005 quinqueremi,
741 3941 939 4006 tx,23,n.3)‚
952 3943 1251 4009 iaudaaestamrecipro-

185 4017 244 4081 quia
266 4018 374 4074 tardior,
401 4035 475 4081 quam
496 4019 611 4076 triremis,
635 4031 695 4066 erat.
742 4019 806 4076 cari,
820 4021 1015 4085 reciprocarese,
1029 4023 1193 4086 redire,retr0
1201 4027 1249 4087 agi.
