2768 4574
176 269 247 354 na
317 298 322 305 ·
608 269 646 335 τ.
679 269 817 335 mvn
886 290 894 307 ·
1092 245 1213 354 saint:

109 412 111 418 ·
179 393 275 461 lutus
293 385 465 484 genibus,
475 389 635 479 fatalem
651 389 788 458 rabiem
807 394 974 484 temporis
987 390 1064 481 ejus
1078 403 1238 484 accusat,

155 520 158 536 ¹
178 523 291 597 quum
304 498 404 568 velut
415 505 627 594 contagione
638 498 799 595 quadam
803 500 980 594 pestifera
993 523 1065 567 non
1073 498 1239 593 Ilergetes

113 633 118 642 ·
179 607 287 677 modo
310 624 346 677 et
357 612 545 694 Lacetani,
567 610 634 679 sed
652 624 769 679 eastra
793 633 938 704 quoque
961 633 1115 677 romana
1140 615 1238 678 insa-

179 723 317 787 nierint.
342 720 454 787 Suam
477 718 622 814 quidem
642 734 678 786 et
682 720 815 808 fratris
833 716 1100 813 etreliquorum
1113 742 1239 814 popu·

178 827 310 898 lenium
326 853 408 897 eam
423 829 663 899 conditionem
677 853 766 914 esse,
786 838 826 897 ut
837 843 918 911 aut,
938 834 972 896 si
987 835 1038 896 ita
1052 828 1236 913 uideatur,

178 938 332 1007 reddant
341 944 504 1034 spiritum
516 942 756 1034 P.Seipi0ni²‚
767 937 815 1007 ab
828 939 952 1008 eodem
968 937 1028 1007 illo
1042 953 1237 1034 acceptum,

179 1064 246 1117 aut
255 1055 386 1117 servati
399 1048 452 1118 bis
463 1055 529 1118 uni
539 1048 699 1118 debitam
712 1039 907 1145 vitampro
921 1073 964 1118 eo
979 1055 1238 1145 inperpetuum

180 1158 384 1228 devoveant.
402 1163 524 1229 Antea
547 1166 583 1228 in
605 1185 716 1230 causa
737 1184 805 1229 sua
818 1158 1003 1253 fiduciam
1020 1159 1237 1247 alisanae,

178 1269 340 1338 nondum
355 1286 504 1366 experta
519 1270 706 1339 clementia
720 1271 796 1362 ejus
811 1296 821 1336 .·
837 1287 932 1339 nune
948 1285 1085 1354 contra,
1102 1266 1239 1336 nullam

178 1383 359 1463 inanum,
382 1403 525 1450 omnem
542 1386 578 1449 in
597 1379 841 1448 misericordia
861 1385 1006 1449 motoris
1024 1404 1124 1475 spem
1136 1384 1239 1475 posi-

179 1503 254 1556 tam
267 1487 411 1557 ltabere.
420 1493 499 1557 Mos
508 1503 671 1558 vetustus
686 1484 974 1573 eratnomanis³‚
989 1512 1071 1557 cum
1083 1512 1157 1582 quo
1171 1512 1240 1557 nec

179 1595 335 1683 loedere,
356 1622 423 1669 neo
450 1600 561 1696 eequis
581 1596 720 1694 legibus
736 1594 951 1693 jungeretur
971 1599 1143 1683 amicitia,
1163 1621 1240 1666 non

179 1710 279 1802 prius
302 1708 455 1804 imperio
478 1710 516 1777 in
545 1732 628 1779 eum
651 1723 824 1804 tanquam
847 1722 1013 1805 pacatum
1037 1709 1106 1793 uti,
1130 1732 1240 1802 quam
1316 1738 1321 1745 ·

180 1818 302 1886 omnia
318 1816 439 1887 divina
450 1817 681 1912 humanaque
695 1816 908 1906 dedidisset,
927 1817 1071 1889 obsides
1088 1818 1240 1913 accepti,

180 1950 277 1996 arma
293 1926 478 2024 adempta,
493 1926 657 2023 praesidia
672 1927 826 1998 urbibus
840 1930 1007 2026 imposita
1023 1926 1155 1997 forent.
1173 1928 1243 1998 Sci.-

181 2036 259 2132 pio,
284 2037 407 2106 multis
434 2038 597 2108 invectus
622 2039 660 2106 in
688 2055 899 2135 praesentem
920 2038 1157 2110 Mandonium
1178 2037 1241 2108 ab.-

182 2160 396 2242 sentemque
410 2145 602 2218 Indibilem
614 2147 749 2237 verbis,
768 2149 846 2220 illos
862 2149 1008 2246 quidem
1021 2152 1146 2218 merito
1156 2172 1242 2243 per·

185 2261 253 2325 isse
269 2262 427 2351 ipsorum
439 2257 650 2352 maleficiol,
663 2261 729 2346 ait;
743 2265 899 2330 victuros
914 2285 980 2329 suo
998 2275 1106 2354 atque
1109 2258 1245 2354 populi

183 2373 327 2435 romani
344 2367 527 2462 beneficio.
550 2372 726 2439 Caeterum
742 2395 781 2439 se
798 2395 915 2467 neque
932 2396 1036 2439 arma
1055 2376 1097 2439 iis
1114 2369 1241 2438 adem·

172 2492 326 2571 pturum
354 2481 509 2575 (quippe
534 2505 579 2549 ea
595 2487 754 2576 pignora
782 2488 980 2551 timentium
1013 2481 1243 2551 rebellionem

183 2667 277 2726 dibilis;
296 2667 352 2715 vide
366 2667 397 2715 ad
406 2669 509 2725 XXVI,
523 2677 567 2730 49,
582 2685 607 2719 n.
620 2669 643 2717 5.
655 2697 688 2706 -
725 2669 1242 2735 fhrem‚·cf.xxxv1‚28;sigondeAnt.

181 2747 246 2793 Hinc
254 2758 320 2811 patet
330 2746 392 2794 duos
402 2747 498 2810 regulos
505 2763 608 2811 quorum
615 2749 689 2797 toties
730 2752 779 2810 jur.
793 2751 847 2810 Itali
858 2753 886 2809 Ι,
900 2768 928 2808 1,
939 2762 963 2798 et
972 2742 1069 2798 Salinas.
1080 2750 1151 2798 Obss.
1164 2748 1243 2808 adjus

181 2842 247 2873 nuuc
266 2826 359 2873 mentio
374 2827 436 2873 facta
449 2838 497 2886 est,
510 2827 595 2875 fratres
606 2828 688 2877 fuisse.
733 2824 785 2877 Ati.
797 2840 821 2876 et
833 2831 937 2876 Romo.
950 2830 999 2886 26,
1011 2846 1036 2892 p.
1049 2828 1108 2875 601.

111 2896 118 2903 ⁵
182 2905 237 2954 Nisi
256 2905 310 2968 quis
327 2916 409 2969 putet,
424 2917 452 2953 ut
473 2906 586 2954 Glareani
607 2906 689 2954 verbis
769 2916 793 2963 4.
803 2909 863 2956 Illos
876 2908 974 2971 quidem
985 2908 1069 2956 merito
1079 2907 1170 2970 perisse
1181 2905 1243 2969 ipso·

179 2996 243 3048 utar,
251 2984 324 3031 alium
333 2984 495 3046 Mandonium
503 3001 567 3042 esse,
576 2985 689 3032 Indibilis
732 3004 787 3033 rum
798 2987 918 3055 malificia
929 3006 939 3044 ,·
955 2997 982 3034 ut
995 2988 1084 3050 passim
1091 2985 1186 3050 perire,
1205 2985 1242 3031 in·

181 3066 278 3113 fratrem
299 3063 422 3124 juniorem
446 3065 601 3127 quempiam
633 3081 689 3111 nam
734 3066 816 3123 terite,
838 3067 958 3121 occidere,
980 3067 1066 3122 everti,
1086 3081 1132 3129 pro
1154 3064 1242 3127 perdi,

183 3143 275 3206 alioqui
294 3158 338 3188 cur
359 3159 410 3191 non
425 3143 485 3206 «ipse
504 3142 617 3188 Indibilis
642 3143 689 3190 iret
733 3145 903 3209 malisurgeri‚
913 3145 994 3201 omnia
1008 3146 1057 3191 fere
1067 3161 1110 3191 sua
1120 3143 1242 3200 amittere;

184 3222 339 3285 deprecatum
361 3221 427 3285 apud
441 3221 559 3272 victorem
577 3221 688 3284 hostem,
733 3236 757 3272 et
771 3235 854 3272 contra
868 3225 948 3272 vivere
967 3240 1013 3288 pro
1033 3223 1202 3284 conditionem
1216 3222 1244 3268 li·

181 3317 256 3364 quum
264 3300 413 3347 Mandonius
420 3300 446 3346 in
452 3299 536 3346 eadem
544 3311 594 3346 erat
603 3301 689 3364 culpa?
733 3302 897 3365 bertatemque
909 3319 975 3350 suam
989 3302 1092 3348 retinere
1110 3300 1196 3364 (conl.
1210 3301 1242 3347 ad

183 3381 326 3442 Quanquam
342 3390 366 3425 et
380 3396 407 3424 ea
418 3394 516 3442 quoque
528 3379 593 3426 subit
604 3396 687 3438 causa,
733 3382 822 3440 XXX,
838 3380 880 3438 16,
894 3398 919 3429 n.
934 3379 982 3443 2):
998 3380 1045 3426 nisi
1059 3380 1143 3442 potins
1157 3380 1243 3426 merito

183 3459 250 3521 quod
264 3457 376 3504 Indibilis
389 3457 504 3505 adversus
517 3458 639 3521 Scipionis
650 3476 690 3521 pa·
728 3461 830 3524 periisse
853 3459 945 3506 dictum
971 3469 1007 3505 est
1032 3474 1078 3521 pro
1102 3459 1244 3506 :meruisse

183 3547 275 3584 rentem
287 3549 450 3600 pugnaverat,
465 3537 516 3584 odii
528 3537 607 3584 adhuc
621 3539 689 3584 favil-
733 3539 808 3597 mori,
822 3538 910 3601 dignos
923 3554 987 3595 esse,
1006 3538 1048 3599 qui
1068 3548 1184 3600 pereant,
1199 3538 1244 3585 sed

180 3617 228 3662 lam
238 3615 317 3662 timeri
327 3615 443 3679 potuisse.
456 3617 501 3664 En.
733 3617 840 3664 arietinos
855 3631 919 3672 esse,
935 3627 981 3662 etc.
1000 3618 1047 3661 Suo
1062 3627 1118 3663 ante
1136 3615 1244 3678 ipsorum

216 3694 600 3759 2.ReddamScipionispiritum,
614 3697 687 3744 vitam
733 3694 852 3742 excidisse
870 3695 934 3754 conj.
956 3694 1020 3741 Duli.
1042 3722 1076 3729 -
1096 3693 1189 3757 Quippe
1213 3711 1245 3743 ea

180 3773 231 3829 ejus
241 3772 341 3819 arbitrio
351 3775 509 3836 permittant,
522 3786 546 3823 et
558 3775 684 3833 amittant,
729 3789 793 3821 arma
815 3784 842 3820 ut
862 3773 969 3836 pignora
992 3773 1065 3821 adimi
1089 3790 1117 3819 ac
1142 3774 1245 3822 retineri

179 3848 201 3894 si
217 3848 251 3894 ita
266 3851 287 3895 ei
303 3852 431 3908 uideatur,
453 3854 554 3916 placeat.
574 3855 611 3901 Cf.
633 3854 684 3902 Cic.
730 3864 824 3901 tantum
833 3853 863 3898 ab
874 3853 967 3915 iis‚qui
979 3852 1081 3900 timeant
1089 3853 1246 3902 rebellionem

178 3925 288 3981 Phiix,
305 3943 343 3975 10.
730 3942 874 3978 armatorum
904 3932 1038 3981 hominum.
1063 3932 1244 3994 Adempturum

216 4006 239 4050 3.
258 4007 312 4052 Mos
328 4019 435 4056 uetustus
456 4023 509 4057 erat
527 4012 679 4060 Romanis...
731 4011 947 4074 (quispe-..essai
959 4011 1003 4058 sed
1015 4009 1242 4070 libera...aru'mos,

63 4163 69 4176 Ι
