2768 4574
186 320 255 390 136
584 310 645 385 r.
679 319 819 386 mvn
1099 297 1225 406 atat:

184 443 458 541 «oppugnavit,
480 454 516 511 et
534 446 576 511 ex
596 453 697 536 parte
719 441 814 536 cepit
832 466 839 507 :
859 451 960 508 tanto
977 437 1139 534 periculo
1158 438 1255 509 nihil

183 581 201 615 α
216 553 306 622 moti
323 565 408 621 sunt
426 549 471 621 ab
492 549 691 620 obsidione.
710 546 894 619 Profectus
912 562 1009 616 trans
1025 547 1253 620 Vulturnum

183 663 369 760 «perussit
386 661 550 732 calenum
569 684 695 756 agrum
706 655 739 727 ⁵:
760 658 850 728 nihil
866 671 965 727 tanta
980 658 1162 728 sociorum
1179 658 1253 729 ela—

182 772 258 843 «de
285 773 423 843 avooati
446 786 540 842 sunt.
570 770 624 841 Ad
649 771 762 866 ipsam
789 767 919 839 urbem
942 773 1095 837 Romam
1119 766 1255 839 infesta

181 884 309 979 «signa
332 880 418 952 ferri
435 864 569 975 jussit:
589 903 667 950 eam
693 903 842 975 quoque
862 892 1114 974 tempestatem
1128 879 1253 948 immi·
1301 878 1317 893 '

180 1006 359 1063 «nentem
396 1005 622 1088 spreverunt.
657 993 911 1086 Transgressus
947 989 1142 1075 Anienem,
1180 991 1253 1060 tria

180 1130 198 1166 «
210 1100 320 1171 millia
339 1124 510 1198 passuum
529 1099 575 1171 ab
593 1099 690 1172 Urbe
705 1114 819 1170 castra
834 1095 993 1197 posuit⁶;
1008 1113 1192 1199 postremo
1202 1099 1252 1171 ad

177 1213 344 1280 amoenia
367 1213 445 1308 ipsa
465 1226 502 1282 et
525 1210 569 1280 ad
589 1225 712 1308 portas
726 1210 1051 1280 accessitzRomam
1070 1234 1107 1280 se
1128 1208 1252 1281 adem-

177 1349 196 1385 «
208 1335 358 1418 pturum
378 1323 444 1409 eis,
465 1323 535 1392 nisi
551 1323 760 1393 omitterent
775 1326 954 1418 Capuam,
972 1320 1139 1391 ostendit.
1163 1325 1251 1395 Non

108 1458 116 1479 ·
177 1444 194 1494 <t
209 1433 421 1501 omiserunt.
441 1437 546 1502 Feras
560 1429 713 1519 bestias,
730 1457 823 1502 caco
837 1433 975 1528 impetu
992 1456 1033 1502 ac
1050 1431 1149 1502 rabie
1165 1456 1253 1504 con·

176 1542 348 1627 «citatas,
368 1542 397 1610 si
413 1541 459 1612 ad
474 1540 606 1612 cubilia
623 1556 658 1613 et
674 1541 814 1613 catulos
829 1566 951 1612 earum
969 1542 1019 1611 ire
1039 1566 1186 1638 pergas,
1202 1542 1253 1613 ad

175 1674 193 1717 a
207 1675 315 1748 opem
330 1653 402 1722 suis
412 1652 598 1724 ferendam
614 1668 761 1724 avertas.
775 1657 958 1723 Romanos
972 1656 1085 1722 Roma
1099 1653 1253 1722 eircum-

176 1786 316 1846 «sessa,
331 1765 526 1861 conjuges,
543 1762 667 1850 liberi,
683 1788 841 1859 quorum
856 1764 1019 1859 ploratus
1033 1762 1117 1832 hine
1131 1786 1252 1857 prope

175 1900 192 1936 a
206 1873 531 1961 exaudiebantur7,
548 1898 634 1958 arae,
656 1872 746 1961 foci,
765 1873 873 1943 deum
891 1871 1061 1956 delubra,
1080 1871 1253 1967 sepulcra

177 2012 193 2045 a
207 1984 389 2077 majorum
408 1999 581 2055 temerata
601 2010 642 2056 ac
660 1984 809 2071 violata,
830 2008 849 2053 a
869 1987 992 2080 Capua
1010 2007 1087 2052 non
1106 1996 1250 2054 averte·

175 2122 192 2158 <t
204 2109 292 2164 runt
310 2121 317 2162 :
338 2109 437 2165 tanta
458 2095 606 2167 aviditas
628 2095 796 2193 supplicii
816 2093 1025 2191 expetendi,
1045 2106 1145 2162 tanta
1161 2115 1251 2163 san-

174 2231 192 2266 «
206 2205 325 2301 guinis
335 2208 450 2277 nostri
459 2207 653 2277 hauriendi
668 2222 721 2278 est
734 2206 826 2278 sitis!
842 2211 917 2278 Nee
929 2206 1059 2300 injuria
1073 2203 1228 2275 forsitan
1242 2231 1250 2274 ε

174 2343 191 2375 «
206 2337 274 2383 nos
289 2338 438 2412 quoque
457 2315 553 2387 idem
570 2316 796 2403 fecissemus,
818 2317 848 2386 si
870 2315 952 2386 data
970 2314 1117 2385 fortuna
1139 2329 1249 2385 esset.

173 2425 331 2520 «Itaque
353 2425 502 2522 quando
526 2427 630 2498 aliter
652 2426 721 2498 diis
744 2427 1009 2497 immortalibus
1029 2427 1145 2496 visum
1170 2441 1251 2513 est,

174 2559 191 2595 a
204 2558 318 2629 quum
331 2551 485 2607 mortem
497 2558 543 2609 ne
553 2563 719 2609 recusare
727 2537 876 2635 quidem
887 2536 1052 2623 debeam
1062 2535 1250 2607 eruciatus

173 2671 191 2706 a
204 2646 513 2744 contumeliasque
522 2647 548 2737 ⁸,
557 2673 647 2745 quas
660 2662 781 2745 sperat
792 2648 923 2731 hostis,
937 2647 1024 2718 dnm
1036 2645 1143 2733 liber,
1154 2644 1251 2716 dum

172 2783 189 2816 α
203 2755 274 2824 mei
280 2770 411 2851 potens
419 2782 512 2843 sum,
522 2757 682 2856 effugere
693 2774 821 2843 morte,
830 2773 1070 2855 praeterquam
1078 2756 1250 2846 honesta,

173 2865 312 2934 aetiam
340 2866 433 2956 leni,
456 2879 617 2965 possum.
636 2874 717 2940 Non
742 2867 874 2939 videbo
898 2873 963 2964 Ap.
989 2865 1181 2937 Claudium
1211 2880 1252 2938 et

171 3004 189 3038 α
201 2978 245 3064 Q.
265 2977 449 3067 Fulvium,
466 2981 617 3050 victoria
636 2978 807 3060 insolenti
831 2976 1017 3064 subnisos,
1031 2999 1153 3072 neque
1167 2977 1252 3045 viu·

208 3188 234 3236 5.
254 3190 360 3237 Perussit
370 3189 441 3252 (ride
455 3189 486 3236 ed
495 3191 535 3246 X,
552 3206 598 3249 17,
615 3206 641 3236 n.
656 3187 684 3253 1)
727 3191 841 3255 inprimis
850 3207 889 3238 res
898 3189 1202 3252 seems,irmmpere,quo
1210 3187 1250 3236 ire

172 3267 283 3313 calenum
296 3284 398 3331 ogmar,-
411 3267 496 3314 confer
509 3284 562 3331 oap.
578 3282 684 3330 9pr.-·
728 3270 796 3317 nefas
815 3283 858 3317 est.
882 3270 973 3316 Confer
991 3267 1078 3315 adsit.
1094 3269 1119 3324 1,
1135 3281 1183 3324 ιη
1206 3270 1250 3327 11,

172 3342 296 3391 Sociorum
309 3346 395 3404 claein
417 3346 503 3393 confer
512 3347 585 3403 VIII,
601 3347 644 3404 16,
660 3354 684 3395 et
730 3354 793 3407 4723
812 3351 863 3405 111,
882 3355 942 3409 499.
966 3347 1139 3410 sepulcrorum
1160 3357 1251 3406 autem

172 3425 289 3481 XXVII,
306 3441 330 3485 9.
728 3427 815 3489 religio
828 3426 939 3488 quaedam
955 3436 978 3471 et
988 3425 1103 3471 sanctitas
1112 3434 1175 3480 erat;
1187 3427 1251 3474 vide
1268 3445 1275 3453 ·

208 3504 232 3550 6.
245 3502 302 3549 Tria
312 3502 389 3550 millia
398 3514 517 3566 passuum
527 3503 560 3549 ab
571 3500 634 3551 Urbe
645 3512 685 3551 ea-
728 3506 833 3561 xxm,
847 3505 893 3562 30;
903 3503 968 3550 eonf.
979 3503 1058 3550 Perit.
1068 3502 1125 3550 diss.
1135 3501 1167 3548 de
1176 3504 1249 3553 Diet.

172 3591 224 3626 stra
230 3581 330 3644 pontiu
340 3582 395 3629 vide
408 3581 440 3628 ad
453 3598 506 3646 cap.
521 3597 565 3640 10,
579 3598 604 3630 n,
616 3599 639 3629 a.
649 3610 685 3619 —
729 3584 793 3632 Cret.
806 3583 820 3646 §
835 3585 894 3639 XL,
905 3583 937 3629 ad
946 3583 979 3641 V,
991 3598 1016 3629 a.

174 3657 316 3706 omitterent
327 3660 451 3723 Capuam
460 3660 517 3707 vide
527 3676 580 3724 cap.
590 3675 616 3720 7,
628 3663 684 3708 n.3.
766 3666 790 3710 8.
813 3663 938 3710 Cruciatur
952 3661 1158 3723 contumeliasque
1172 3657 1251 3725 (quae

209 3752 233 3798 7.
260 3740 368 3800 (luorum
388 3739 503 3803 ploratus
533 3739 590 3786 ltiuc
606 3756 685 3803 prope
728 3757 788 3788 mox
806 3741 985 3806 memoramur)
1000 3757 1086 3804 quasa
1100 3755 1126 3787 se
1141 3755 1207 3789 mox
1220 3744 1251 3791 in

172 3816 390 3864 exaudiebantur:
403 3834 442 3865 res
456 3819 561 3867 oratorie
571 3818 598 3864 in
607 3820 684 3878 majus
728 3836 775 3868 nas
793 3822 885 3869 editum
898 3822 929 3867 iri
942 3832 1025 3884 sperat
1037 3819 1111 3867 hostis
1125 3829 1150 3867 et
1162 3833 1250 3885 optet.

171 3905 250 3942 aucta.
264 3923 299 3932 -
311 3897 426 3960 Sepulcra
435 3898 556 3963 majarum
565 3907 685 3945 temerata
728 3927 764 3936 —
781 3904 948 3964 Praeterquam
962 3899 1078 3955 honesta,
1093 3897 1169 3945 etiam
1179 3899 1251 3958 leui,·

172 3988 204 4019 ae
215 3973 332 4022 violata:
347 3992 403 4022 nam
416 3988 534 4024 temerare
543 3993 633 4041 propr.
647 3988 684 4025 eet
728 3978 785 4027 ride
797 3980 829 4026 ed
837 3981 869 4031 V.
883 3988 929 4037 14,
941 3996 967 4027 n.
976 3979 1041 4026 5.-
1056 3977 1167 4025 Victoria
1178 3979 1251 4029 inso-

172 4062 262 4099 temere
272 4054 364 4116 aliquid
374 4071 459 4117 agere,
474 4048 563 4103 deinde
572 4057 681 4113 violare,
729 4057 788 4104 lenti
795 4058 917 4117 suburae&
929 4058 986 4106 vide
993 4058 1024 4104 ad
1036 4056 1121 4116 XXV,
1131 4064 1176 4119 ω,
1187 4075 1217 4107 n.
1227 4077 1251 4109 1.
