2768 4574
164 279 227 380 at:
241 290 287 384 3211
397 301 548 366 ornan
580 298 725 393 xxvi.
748 301 852 368 aar.
878 302 922 368 v.
1138 322 1200 392 ιη

140 446 212 516 que
239 433 409 490 eventum
432 417 587 490 defectio
612 420 656 490 ab
680 422 849 490 Romanis
873 419 1067 490 habuisset.
1090 421 1203 517 Igitur

139 553 270 626 magna
293 542 394 626 parte
411 529 766 626 impedimentorum
790 530 914 600 relicta
939 533 975 600 in
1002 533 1204 601 Bruttiis-et

140 640 241 708 omni
263 640 425 735 graviore
451 638 627 726 armatu3,
646 665 729 710 cum
749 639 896 710 delectis
920 641 1082 737 peditum
1101 642 1204 736 equi-

139 765 429 847 tumque,.quam
443 766 584 846 poterat
598 752 787 848 aptissimis
801 751 846 820 ad
856 751 1110 820 maturandum
1125 754 1205 839 iter,

140 862 177 929 in
198 861 431 956 Campaniam
451 861 660 930 contendit:
679 863 825 958 sequuti
846 875 965 930 tamen
985 874 1058 932 tam
1074 862 1206 957 raptim

141 985 289 1042 euntem
303 984 376 1039 tres
393 985 428 1038 et
441 973 587 1068 triginta
602 971 796 1068 elephanti.
808 977 851 1042 In
863 971 955 1042 valle
970 971 1109 1041 occulta
1124 985 1206 1067 post

140 1080 254 1152 Tifata
275 1094 438 1150 montem
463 1083 712 1153 imminentem
736 1088 868 1180 Capuae
891 1081 1064 1152 consedit.
1088 1081 1204 1151 Adve-

141 1193 245 1261 niens
264 1215 379 1286 quum
402 1191 592 1263 castellum
606 1193 820 1281 Galatiaml,
839 1190 1005 1289 pracsidio
1025 1192 1060 1260 vi
1077 1190 1207 1287 pulso,

142 1303 311 1398 cepisset,
325 1302 364 1370 in
378 1302 683 1398 circumsedentes
697 1309 856 1401 Capuam
873 1329 909 1374 se
920 1303 1038 1372 vertit.
1051 1302 1207 1370 Praemis-

142 1413 188 1481 sis
203 1424 286 1480 ante
306 1413 441 1482 nuntiis
461 1417 639 1510 Capuam,
656 1440 731 1510 quo
750 1429 913 1511 tempore
931 1426 1044 1482 castra
1058 1435 1208 1481 romana

142 1547 371 1620 aggressurus
394 1539 505 1613 esset,
529 1540 569 1595 ut
595 1525 786 1596 eodem-et
809 1525 880 1612 illi,
905 1523 950 1594 ad
977 1524 1207 1619 eruptionem

143 1635 277 1729 parati,
299 1636 412 1732 portis
441 1635 613 1706 omnibus
639 1661 715 1707 sese
742 1628 996 1722 effunderent,
1022 1635 1206 1729 ingentem

141 1747 295 1844 praebuit
309 1763 483 1820 terrorem
496 1777 504 1820 ε
516 1777 600 1821 nam
615 1751 682 1822 alia
692 1766 793 1848 parte
805 1753 882 1848 ipse
897 1750 1044 1820 adortus
1057 1762 1126 1833 est,
1142 1746 1208 1815 alia

143 1859 316 1953 Campani
331 1884 474 1949 omnes,
488 1861 628 1958 pedites
648 1863 881 1959 equitesque,
899 1874 1030 1930 etcum
1046 1859 1088 1928 iis
1104 1858 1209 1955 puni-

143 1991 225 2036 cum
250 1969 473 2065 praesidium,
493 1973 552 2043 cui
568 1979 693 2043 Bostar
712 1987 748 2043 et
763 1977 893 2042 Hanno
911 1983 1106 2068 praeerant,
1126 1993 1208 2038 eru-

144 2079 207 2173 pit.
221 2081 390 2167 Romani,
402 2097 442 2151 ut
457 2084 494 2151 iu
505 2109 544 2152 re
554 2083 709 2180 trepida,
722 2109 768 2154 ne
779 2082 824 2153 ad
834 2107 944 2153 unam
958 2079 1212 2152 concurrendo

145 2201 289 2283 partem
300 2190 436 2286 aliquid
451 2190 630 2262 indefensi
643 2192 974 2290 relinquerent,‘ita
987 2193 1083 2261 inter
1098 2215 1135 2260 se
1152 2214 1210 2260 co·

145 2298 221 2393 pias
233 2301 353 2395 partiti
368 2317 473 2372 sunt:
488 2308 553 2401 Ap.
567 2304 739 2406 Claudius
752 2305 955 2402 Campanis,
963 2303 1107 2374 Fulvius
1120 2307 1213 2371 Han-

116 2456 118 2461 ·
145 2407 255 2478 nibali
277 2425 330 2498 est
349 2416 538 2511 oppositus
558 2443 565 2484 :
584 2420 623 2485 C.
641 2421 740 2486 Nero
758 2430 959 2514 propraetor
978 2439 1061 2485 cum
1079 2412 1211 2509 equiti-

145 2517 213 2588 bus
228 2536 334 2592 sextae
348 2524 499 2621 legionis
509 2529 586 2614 via,
604 2553 684 2623 quae
699 2528 903 2598 Suessulam
918 2525 1002 2613 fert;
1017 2529 1055 2595 C.
1066 2525 1212 2594 Fulvius

147 2627 293 2699 Flaccus
308 2632 445 2726 legatus
456 2661 538 2705 cum
551 2638 675 2707 sociali·
686 2638 849 2731 equitatu
863 2637 1023 2707 constitit
1034 2661 1053 2704 e
1063 2636 1212 2731 regione

147 2735 318 2808 Vulturni
333 2745 458 2813 amnis.
482 2747 646 2816 Praelium
665 2771 740 2814 non
756 2745 861 2840 solito
876 2743 986 2813 modo
1003 2743 1159 2814 clamore
1174 2765 1214 2810 ac

149 2945 270 2995 habuisset
283 2966 293 2996 .·
312 2967 367 2998 nam
389 2954 410 2998 si
430 2955 536 3014 bonum,
560 2956 660 3005 doceret
699 2972 790 3020 puzzo.
807 2958 845 3002 Ita
861 2954 956 3003 Camill.
969 2957 1066 3017 Peregr.
1084 2953 1115 3000 de
1133 2953 1215 3016 Capua

148 3027 215 3082 illos,
226 3028 383 3088 imitandum,
393 3032 414 3077 si
424 3033 526 3093 malurn,
534 3034 660 3081 vitandum
705 3037 763 3084 diss.
771 3037 808 3093 11,
816 3052 869 3099 cap.
880 3050 922 3094 27.
932 3031 1023 3084 Confer
1030 3032 1109 3080 Strab.
1120 3032 1216 3089 liuvl,

148 3108 297 3154 essefactum
306 3109 358 3168 ejus
368 3121 391 3158 et
402 3112 540 3175 exemplum
549 3113 663 3161 defectio·
705 3132 761 3179 pag.
775 3115 835 3162 283.
848 3140 883 3150 -
894 3116 954 3160 Haec
966 3124 1002 3160 est
1012 3113 1076 3160 MSS
1089 3111 1175 3170 lectio,
1190 3111 1218 3157 in

149 3185 194 3232 nis.
206 3188 297 3236 Confer
307 3189 339 3236 ad
349 3191 418 3236 Praei.
433 3207 458 3237 n.
472 3199 511 3246 14.
707 3211 755 3258 qua
764 3205 828 3241 certe
837 3193 901 3240 nibil
909 3194 974 3240 auris
985 3192 1078 3240 erudita
1089 3188 1220 3238 desideret«

186 3269 209 3314 3.
220 3269 338 3315 Graviore
347 3281 444 3317 armatu
454 3271 543 3337 optimi
553 3271 615 3320 MSS
623 3290 661 3338 33.
707 3275 803 3337 Nempe
814 3273 951 3329 Hannibal,
965 3272 999 3318 ita
1011 3271 1082 3317 rebus
1097 3268 1219 3331 composi-

150 3359 279 3417 armatura
293 3349 349 3398 edd.
364 3362 420 3399 ante
435 3353 511 3398 Gron.
527 3351 618 3400 Confer
631 3353 663 3399 ad
707 3352 751 3409 tis,
764 3363 793 3399 ut
807 3353 880 3400 simul
889 3353 956 3417 ipse,
969 3349 1040 3397 simul
1052 3349 1170 3412 Campani
1180 3348 1219 3395 in·

150 3427 226 3484 XXI,
241 3427 274 3474 55
281 3463 288 3486 ,
301 3445 326 3474 n.
337 3445 408 3478 α.,-
419 3432 498 3493 Quam
512 3430 663 3497 (quantum)
708 3431 824 3479 vaderent
830 3431 1098 3491 Romanos,ingentem
1105 3420 1219 3474 hostibus

146 3517 258 3569 poterat,
273 3510 326 3556 scil.
336 3507 391 3556 fieri
403 3510 532 3575 aptissimis
543 3510 607 3576 (nisi
614 3512 661 3574 leg.
706 3511 812 3575 praebuit
825 3523 951 3558 terrorem.
961 3500 1046 3571 Itaque
1053 3507 1148 3568 judicat
1158 3507 1222 3570 opti-

151 3585 214 3648 aptis
225 3600 266 3635 aut
278 3589 392 3654 aptatis),
405 3603 434 3638 ut
444 3591 534 3654 passim
544 3603 662 3654 quantum
706 3606 745 3637 me
752 3591 894 3647 Crateuas,
908 3601 998 3637 temere
1008 3599 1032 3634 et
1045 3588 1096 3634 sine
1106 3587 1155 3639 ulh
1166 3601 1221 3632 cau-

151 3663 190 3711 vel
204 3676 231 3712 ut
235 3678 318 3730 potest
330 3669 382 3718 scil.
397 3667 463 3730 fieri,
477 3670 594 3735 possibile
605 3682 648 3718 est.
707 3687 747 3728 aa,
765 3683 822 3718 ante
837 3671 968 3735 ingentem,
986 3684 1095 3730 pannum
1107 3667 1173 3713 hune
1188 3682 1222 3712 as-

188 3751 213 3798 4.
236 3745 365 3797 Castellum
383 3749 510 3800 Galatiam
525 3751 664 3798 transVul·
707 3761 789 3797 sutum
801 3749 875 3796 fuisse
893 3764 899 3795 :
915 3764 951 3794 res
966 3764 1010 3794 uec
1027 3748 1159 3810 explorata
1173 3747 1220 3792 uo-

152 3835 251 3872 tumum
272 3825 336 3873 inter
353 3827 463 3900 Capuam
485 3840 509 3876 et
526 3830 661 3888 Caudium,
705 3828 795 3898 mauis.
809 3830 910 3890 Optaret
923 3838 1017 3874 tantum
1032 3827 1070 3872 vir
1086 3824 1179 3872 clariss:
1193 3836 1221 3872 ut

152 3906 221 3968 cujus
235 3903 325 3951 indicia
342 3906 451 3954 ostendit
467 3907 548 3956 tabula
563 3909 662 3956 Peutin·
708 3925 739 3954 ex
745 3907 875 3954 Victorino
883 3907 938 3954 cod.
950 3907 1069 3969 legeretur
1074 3903 1220 3969 praernisst's-

153 3985 205 4046 geri
216 3984 242 4030 in
254 3983 310 4031 loco
326 3985 347 4031 le
361 3985 482 4043 Galazze,
500 4002 550 4033 nou
560 3986 664 4047 Calatia,
709 4002 755 4050 que
764 3984 870 4042 nunciis,
882 3986 1027 4050 quomelius
1038 3982 1226 4036 connecteretur

153 4081 207 4128 quae
227 4064 261 4113 cis
275 4064 425 4114 Vulturnum
442 4066 505 4126 sita,
516 4065 599 4116 ‘hodie
619 4065 665 4118 Ca·
713 4065 802 4117 oratio.
814 4064 862 4116 En.
