2768 4574
190 327 256 410 140
598 330 634 394 r.
667 329 807 396 mvn
1108 309 1230 414 ῧῖὲῑξὶζζ

184 447 253 516 tari
268 446 390 541 jussit,
414 447 697 545 imperavitque,
723 462 764 517 ut
790 446 1005 545 produceret
1026 453 1256 548 Campam,

185 580 278 653 quos
299 560 337 627 in
362 558 524 630 custodia
547 557 708 630 haberet.
734 559 904 629 Producti
923 584 1050 630 omnes
1068 562 1256 659 virgisque

185 672 265 737 caesi
284 693 324 738 ac
342 670 457 740 securi
474 671 668 765 percussil.
691 668 782 740 lude
799 671 908 740 citato
927 694 1024 766 equo
1045 672 1147 742 Cales
1169 697 1256 770 per·

185 780 298 849 currit
316 806 324 848 :
342 777 406 849 ubi
427 804 542 877 quum
559 780 597 849 in
617 778 790 850 tribunali
805 779 1041 866 consedisset,
1059 780 1255 878 producti-

184 913 257 986 que
275 893 448 989 Campani
469 890 713 988 deligarentur
728 892 774 962 ad
796 891 938 989 palum,
959 916 1069 987 eques
1093 894 1186 964 citus
1207 892 1255 964 ab

183 1005 299 1071 Roma
311 1004 419 1092 venit,
433 1002 628 1098 literasque
642 1027 662 1071 a
676 1006 716 1072 C.
728 1003 924 1099 Calpurnio
939 1017 1092 1100 praetore
1102 1000 1117 1044 ⁵
1126 1003 1257 1074 Fulvio

183 1125 220 1182 et
233 1113 585 1183 senatusconsultum
599 1112 756 1183 tradidit.
770 1118 937 1183 Murmur
951 1111 996 1183 ab
1012 1111 1185 1184 tribunali
1204 1129 1257 1185 to·

182 1235 257 1292 tam
274 1225 491 1294 concionem
505 1225 680 1320 pervasit,
695 1221 831 1293 differri
845 1247 922 1293 rem
937 1223 1113 1318 integram
1128 1223 1174 1293 ad
1190 1228 1256 1294 Pa·

183 1346 257 1401 tres
269 1331 315 1402 de
328 1334 538 1430 Campanis3
554 1348 590 1404 et
599 1333 762 1421 Fulvius,
774 1333 809 1403 id
821 1336 869 1403 ita
880 1357 957 1404 esse
968 1348 1077 1423 ratus,
1088 1348 1256 1431 acceptas

182 1443 304 1514 literas
327 1469 449 1541 neque
469 1446 646 1517 resolutas
665 1469 778 1543 quum
798 1446 835 1513 in
859 1445 997 1539 gremio
1013 1445 1254 1541 reposuisset,

184 1559 343 1648 praeeoni
364 1556 568 1654 imperavit,
588 1571 629 1626 ut
649 1557 814 1627 lictorem
832 1554 910 1651 lege
928 1550 1060 1650 agere⁶
1074 1552 1224 1648 juberet
1246 1581 1255 1623 ε

183 1666 234 1734 ita
251 1665 296 1736 de
314 1667 357 1737 iis
374 1690 543 1763 quoque,
562 1669 627 1763 qui
650 1665 796 1736 Calibus
820 1679 940 1750 erant,
960 1677 1145 1761 sumptum
1165 1687 1255 1761 sup-

183 1775 342 1871 plicium.
361 1781 454 1846 Tum
473 1777 583 1846 literae
598 1775 698 1845 lectae
717 1789 934 1870 senatusque
953 1772 1180 1861 consultum,
1202 1798 1257 1845 se·
1332 1784 1335 1791 '

184 1909 267 1955 rum
288 1884 334 1955 ad
356 1885 626 1982 impediendam
646 1909 722 1954 rem
748 1900 863 1956 actam
884 1912 892 1953 ε
910 1909 991 1980 quae
1019 1908 1158 1955 summa
1183 1908 1258 1982 ope
1352 1932 1355 1940 ·

184 2010 429 2090 approperata·
445 2009 536 2082 erat,
556 2020 603 2065 ne
622 1995 789 2092 impediri
810 2010 943 2093 posset.
965 1999 1259 2091 Consurgentem

183 2104 258 2197 jam
272 2103 440 2173 Fulvium
448 2109 585 2176 Taurea
598 2104 775 2176 Iubellius
789 2129 1002 2202 campanus,
1018 2129 1083 2202 per
1097 2103 1259 2176 mediam

185 2213 321 2283 vadens
343 2214 472 2285 urbem
498 2215 742 2312 turbamque,
769 2217 918 2286 nomine
942 2215 1169 2302 inclamavit,
1197 2229 1259 2301 et,

186 2348 302 2418 quum
311 2323 548 2407 mirabundus
558 2326 734 2423 quidnam
742 2351 818 2396 sese
827 2325 946 2413 vellet,
958 2323 1147 2395 resedisset
1156 2325 1259 2395 Flac·

182 2457 272 2521 cus,
295 2440 387 2505 «Me
414 2460 585 2532 quoque,
609 2437 749 2533 inquit,
773 2434 862 2530 jube
887 2435 1023 2521 occidi,
1047 2447 1088 2504 ut
1108 2432 1262 2530 gloriari

187 2572 205 2607 a
219 2546 351 2640 possis,
367 2547 483 2616 multo
497 2546 702 2633 fortiorem,
720 2571 829 2644 quam
843 2548 920 2644 ipse
933 2571 987 2634 es,
1006 2546 1124 2614 virum
1139 2543 1206 2615 abs
1221 2559 1261 2617 te

189 2684 205 2718 ι(
219 2656 381 2725 occisum
395 2681 484 2727 esse.
497 2688 514 2722 s
527 2662 648 2749 Quum
662 2658 809 2729 Flaccus
827 2674 976 2754 negaret
986 2667 1011 2743 ⁷,
1018 2660 1187 2755 profecto
1201 2682 1264 2727 sa·

189 2773 233 2836 tis
251 2784 452 2864 compotem
474 2775 602 2838 mentis
621 2794 713 2855 esse,
728 2767 840 2838 modo
851 2823 860 2853 ,
869 2768 1063 2865 prohiberi
1073 2772 1185 2837 eniam
1196 2792 1262 2855 se,
1359 2811 1362 2816 -

188 2883 222 2946 si
237 2878 278 2946 id
296 2877 421 2965 vellet,
440 2877 767 2964 senatusconsulta,
784 2878 920 2948 diceret
938 2904 945 2944 :
961 2892 1039 2948 tum
1057 2875 1263 2973 Iubellius,

187 2986 552 3082 «Quandoquidem,
577 2990 712 3084 inquit,
745 3003 850 3085 capta
873 2990 1009 3085 patria,
1037 2987 1265 3085 propinquis

189 3126 205 3157 a
225 3096 421 3191 amicisque
437 3099 593 3182 arnissis,
609 3122 724 3194 quum
740 3100 817 3194 ipse
833 3123 944 3168 manu
963 3098 1157 3194 conjugem
1176 3122 1267 3170 mea

226 3293 249 3338 4.
271 3283 349 3347 Virgis
365 3283 423 3330 coesi
440 3299 470 3329 ac
487 3284 564 3330 securi
574 3285 698 3348 percussi5
743 3286 804 3343 vius,
820 3287 882 3334 forte
903 3289 939 3333 Aa
951 3288 977 3333 F.
983 3320 991 3342 ,
1016 3287 1090 3333 noer.
1112 3283 1210 3332 Confer
1229 3287 1267 3337 ad

188 3362 246 3409 vide
257 3362 288 3409 ad
299 3365 325 3419 I,
340 3362 385 3420 26,
396 3379 421 3411 u.
434 3364 458 3409 6.
742 3366 844 3423 xxm,
857 3372 903 3424 44,
918 3371 941 3419 4.

225 3442 249 3490 5.
264 3442 405 3505 Literasque
419 3459 435 3488 a
451 3442 477 3489 C.
492 3441 623 3505 Calpaumio
632 3459 699 3506 prce-
779 3445 803 3491 6.
818 3443 938 3489 Lictorem
956 3443 1007 3507 Iege
1023 3457 1110 3506 agere,
1132 3440 1268 3504 legitim03

186 3531 242 3571 aare
250 3520 357 3579 urbano,
366 3521 419 3569 scil.
428 3522 546 3584 seriptum
556 3536 630 3568 nona
643 3538 700 3569 con·
743 3522 882 3570 mandatum
895 3522 1049 3584 proconsulis
1060 3520 1171 3583 exsequi.
1180 3521 1270 3571 Licea·

188 3600 294 3659 sulihus,
311 3600 613 3663 quiahiabseuteserant.
626 3601 698 3650 Cous.
743 3617 781 3648 res
812 3601 886 3664 virgis
913 3600 1006 3647 caedere
1032 3599 1143 3648 solebant
1171 3601 1270 3666 cepitis

88 3694 91 3701 ·
131 3706 133 3713 ·
189 3679 220 3726 ad
231 3696 285 3742 cap.
300 3680 366 3734 3‚n.
376 3687 399 3734 4.
417 3707 452 3716 -
472 3680 616 3736 desolatam
632 3680 699 3742 quod
744 3679 870 3727 damnatos
884 3691 909 3727 et
923 3679 1002 3727 securi
1013 3688 1148 3743 percutere.
1166 3679 1270 3730 Confer

188 3768 224 3805 est
231 3756 333 3804 verbum
342 3759 482 3822 proprium,
491 3770 594 3824 propter
602 3758 700 3806 vincula
744 3761 770 3817 I,
784 3760 833 3817 26;
850 3761 890 3817 11,
904 3759 1022 3818 5;vt11,
1037 3773 1060 3817 7.

189 3836 277 3900 quibus
286 3836 362 3885 titerae
371 3838 398 3885 in
409 3839 522 3886 volumen
531 3838 699 3887 nectebantur.
781 3854 804 3897 7.
824 3839 903 3899 Quum
918 3834 1047 3901 (Fuluus)
1061 3836 1164 3895 Flaccus
1184 3841 1272 3890 modo

188 3918 234 3966 Eu.
246 3942 281 3951 -
299 3915 401 3980 Differri
409 3933 460 3964 rem
473 3918 593 3983 integram
604 3917 640 3963 ad
650 3919 700 3964 Pa·
744 3917 962 3981 negaret...modo
986 3915 1090 3971 diceree-
1107 3913 1167 3963 vide
1188 3917 1272 3981 adl,

190 4005 251 4051 tres,
267 3993 404 4045 differendo
417 3996 660 4057 rejici3videad11,
672 3995 701 4053 5,
746 4003 791 4052 4ο,
807 4012 832 4044 n.
848 4011 874 4053 1,
891 3995 960 4043 etad
974 3994 1054 4042 Taciti
1069 3993 1199 4056 Annales,
1219 3999 1273 4058 tv,

189 4091 215 4137 p.
233 4091 259 4132 1,
277 4086 301 4123 et
314 4077 393 4134 XXI,
409 4077 455 4136 53,
468 4093 494 4124 n.
510 4077 533 4123 3.
547 4103 579 4112 -
600 4075 701 4123 EtFul-
747 4074 829 4133 50,n.
842 4083 865 4130 4.
