2768 4574
179 281 245 353 512
598 283 636 348 T.
670 281 811 349 LIVII
1066 244 1209 375 'iiiii

177 420 340 500 tempore
353 426 482 500 pugnae
496 400 749 471 obventurum.
764 406 918 472 Tantum
932 420 1111 494 moratuS,
1128 434 1236 506 quan·

175 530 255 586 tum
268 515 351 583 satis
368 513 540 609 temporis
554 535 747 608 praegresso
767 513 882 582 visum
897 513 943 584 ad
957 515 1151 590 eliciendos
1166 520 1234 590 bo-

177 639 266 711 stes,
286 647 369 693 cum
387 645 537 691 romano
559 622 719 716 equitatu
737 636 930 716 sequutus,
954 627 1160 722 tegentibus
1180 644 1235 701 tu·

176 735 303 821 mulis,
332 733 394 828 qui
421 745 691 828 peropportune
723 732 814 802 circa
840 734 903 802 viae
928 733 1041 808 flexus
1074 740 1235 835 oppositi

178 859 299 931 erant,
327 842 489 913 occultus
510 842 693 938 processit.
718 844 921 932 Masinissa,
947 871 991 916 ex
1015 850 1233 944 composito,

177 979 274 1025 nunc
291 953 474 1039 terrentis,
501 976 598 1021 nunc
615 953 772 1022 timentis
791 952 920 1042 mod0,
944 970 1006 1026 aut
1034 959 1119 1055 ipsis
1142 959 1232 1032 obe-

176 1062 338 1162 quitabat
353 1062 486 1158 portis,
501 1075 561 1131 aut
577 1062 753 1145 cedend0,
766 1088 879 1159 quum
898 1065 1035 1167 tirnoris
1052 1070 1232 1141 simulatio

176 1175 361 1247 audaciam
377 1172 473 1242 hosti
498 1169 649 1259 faceret,
671 1172 716 1241 ad
734 1174 998 1270 insequendum
1016 1191 1152 1250 temere
1172 1181 1233 1250 eli·

177 1284 304 1355 ciebat.
334 1282 506 1354 Nondum
532 1306 657 1353 ornnes
678 1286 808 1377 egressi
831 1299 949 1373 erant,
967 1288 1136 1385 varieque
1157 1291 1232 1360 dux

176 1393 409 1491 fatigabatur,
432 1392 519 1461 alios
537 1392 621 1461 vino
639 1405 674 1462 et
693 1417 820 1462 somno
842 1418 965 1490 graves
987 1420 1085 1466 arma
1103 1421 1231 1495 capere

177 1519 212 1575 et
230 1503 371 1574 frenare
386 1527 498 1599 equos
513 1500 693 1598 cogend0,
708 1502 802 1590 aliis,
820 1529 866 1574 ne
880 1507 993 1601 sparsi
1005 1521 1041 1576 et
1054 1507 1230 1578 inconditi

177 1615 252 1684 sine
267 1613 392 1683 ordine
404 1623 429 1698 7,
446 1614 522 1682 sine
541 1613 649 1708 signis
668 1612 837 1683 omnibus
851 1615 963 1711 portis
978 1633 1229 1704 excurrerent,

176 1722 395 1794 obsistendo.
404 1724 521 1792 Primo
538 1724 680 1793 incaute
690 1748 727 1793 se
740 1722 930 1794 evehentes
942 1727 1125 1796 Masinissa
1135 1729 1230 1797 exci-

177 1830 319 1932 piebat⁸
334 1860 341 1901 :
355 1857 441 1902 mox
459 1833 580 1929 plures
592 1833 698 1902 simul
714 1829 866 1902 conserti
879 1847 983 1929 porta
998 1830 1101 1903 effusi
1115 1858 1230 1929 aequa·

176 1957 301 2014 verant
312 1956 508 2013 certamen:
524 1957 707 2038 postremo
717 1995 726 2028 ,
737 1945 810 2036 jam
824 1943 939 2012 omnis
954 1943 1133 2037 equitatus
1142 1966 1229 2039 prae·

176 2053 223 2122 lio
237 2078 352 2149 quum
369 2052 523 2137 adesset,
537 2053 703 2122 sustineri
714 2051 807 2121 ultra
817 2053 998 2148 nequiere.
1013 2055 1093 2123 Non
1109 2066 1230 2124 tamen

177 2160 289 2233 effusa
312 2160 395 2258 fuga
411 2163 610 2247 Masinissa,
632 2159 695 2231 sed
715 2160 876 2231 cedendo
903 2164 1053 2250 sensim,
1073 2165 1231 2259 impetus

97 2260 102 2271 ⁸
177 2295 303 2340 eorum
319 2253 677 2366 excipiebat3'donec
696 2269 740 2338 ad
758 2271 916 2340 tumulos
934 2287 1093 2368 tegentes
1109 2296 1231 2343 roma-

177 2404 265 2450 num
283 2381 481 2475 equitatum
496 2380 679 2474 pertraxit.
696 2380 784 2450 Inde
797 2382 911 2450 exorti
928 2383 1065 2476 equites
1073 2391 1099 2468 ⁹,
1112 2395 1147 2451 et
1162 2382 1232 2478 ipsi

176 2490 321 2586 integris
330 2487 483 2574 viribus,
496 2501 532 2557 et
545 2487 750 2559 recentibus
761 2490 878 2584 equis,
887 2491 1052 2559 Hannoni
1062 2487 1233 2586 Afrisque

176 2597 369 2698 pugnando
384 2622 424 2668 ac
440 2597 625 2694 sequendo
642 2595 742 2669 sessis
760 2624 797 2669 se
810 2597 1089 2687 circumfudere;
1108 2616 1145 2670 et
1159 2603 1234 2671 Ma·

175 2711 317 2796 sinissa,
338 2706 437 2778 flexis
466 2707 585 2778 subito
610 2711 729 2805 equis,
752 2711 789 2778 in
808 2733 965 2807 pugnam
989 2711 1103 2781 rediit.
1130 2711 1234 2783 Mille

175 2818 306 2906 ferme,
334 2819 397 2914 qui
415 2819 523 2915 primi
546 2820 694 2915 agminis
719 2817 881 2908 fuerant,
905 2836 945 2891 ut
971 2821 1103 2918 quibus
1130 2819 1234 2892 baud

174 3077 237 3125 MSS
259 3074 351 3138 recepit
368 3073 443 3120 Drak.
462 3083 490 3120 ut
507 3073 589 3119 Livius
612 3088 679 3120 more
723 3073 777 3120 ad:
793 3073 837 3121 sed
851 3089 906 3120 eum
924 3073 1080 3136 reprehendit
1097 3073 1170 3120 Crev.
1182 3075 1231 3123 Eu.

172 3171 218 3202 suo
231 3154 360 3202 variaverit
372 3151 519 3209 orationem,
533 3161 557 3197 et
566 3152 678 3214 supplea-
759 3169 782 3212 7.
798 3152 922 3199 Inconditi
934 3153 986 3200 siae
1003 3153 1104 3209 ordbre;
1122 3153 1181 3200 vide
1197 3153 1232 3201 ad

172 3245 213 3280 tur
220 3232 294 3298 jussit
307 3242 341 3280 ut.
356 3229 428 3278 Conf.
441 3227 473 3275 ad
485 3231 613 3286 XXXIX,
632 3239 678 3289 14,
721 3232 800 3289 XXI,
815 3231 857 3290 57,
867 3247 893 3278 n.
903 3246 943 3279 11.

172 3328 197 3359 n.
209 3313 233 3358 8.
247 3310 386 3374 Simplicior
396 3308 485 3365 lectio,
498 3324 511 3354 a
524 3309 599 3355 Doer.
608 3309 677 3355 resti·
757 3311 781 3356 8.
796 3309 876 3357 Primo
892 3310 989 3357 beaute
1004 3326 1028 3356 se
1046 3307 1170 3356 evehentes
1191 3311 1230 3358 Μ.

173 3400 238 3447 tuta,
252 3400 288 3436 est
301 3389 384 3434 cedere
396 3404 422 3449 p.
440 3386 515 3434 scilic.
527 3386 677 3433 Masinissam
721 3388 872 3451 excipiebat,¹
884 3389 942 3437 vide
952 3405 1023 3453 supra
1033 3388 1064 3435 ad
1072 3390 1111 3446 11,
1126 3396 1155 3446 a,
1166 3404 1194 3434 n.
1206 3390 1231 3437 ³.

169 3468 239 3528 jubet
258 3467 348 3530 Scipio.
367 3492 401 3502 --
418 3467 449 3511 Se
466 3467 491 3511 in
510 3476 615 3528 tempore
634 3460 676 3526 (iv
720 3467 814 3514 Primos
832 3468 927 3515 emend.
946 3470 999 3515 Jae.
1014 3467 1091 3513 Perit.
1105 3467 1231 3528 quianon

172 3541 263 3616 καιρῷ)
277 3561 368 3610 pugneo
386 3545 556 3600 obventurum
574 3543 630 3590 vide
646 3544 678 3591 ad
721 3561 806 3593 omnes
824 3547 896 3593 simul
912 3545 1007 3609 egressi.
1025 3548 1158 3609 Eortamen
1176 3560 1231 3593 non

172 3628 211 3683 II,
230 3634 271 3685 47,
284 3641 308 3671 u.
320 3632 352 3683 4,
373 3635 397 3671 et
407 3625 484 3682 XXI,
504 3623 550 3682 61,
568 3639 594 3672 n.
606 3637 628 3671 1.
642 3650 677 3658 -
721 3635 815 3687 spectat
825 3617 921 3688 vulgata
933 3623 1021 3682 lectio,
1040 3623 1112 3685 eique
1128 3624 1230 3685 favent,

174 3704 284 3766 oppositi
291 3715 362 3749 erant
375 3703 473 3761 tumuli;
490 3703 545 3749 vide
558 3718 630 3766 supra
645 3701 677 3748 ad
720 3717 774 3764 quae
788 3713 931 3766 sequuntur,
945 3718 1004 3749 mox
1017 3694 1179 3766 etposeremo.
1192 3728 1230 3738 -

172 3781 255 3840 XXV,
269 3799 322 3846 cap.
336 3783 375 3839 15,
386 3799 411 3829 n.
427 3782 450 3829 5.
459 3808 493 3819 -·
502 3782 545 3829 Ad
555 3781 677 3844 insequere·
719 3780 888 3843 AEquaverant
895 3792 1018 3829 certamen
1029 3797 1099 3846 pares
1110 3796 1230 3841 numero,

172 3858 237 3907 dum.
257 3863 287 3906 In
306 3861 450 3924 quibusdam
470 3860 542 3908 codd.
561 3860 597 3907 ad
613 3859 675 3906 inse·
719 3875 771 3906 uon
779 3859 880 3907 viribus.

172 3947 295 3999 quartem,
318 3940 385 4002 quod
399 3951 435 3989 est
449 3938 476 3986 in
493 3942 548 3986 Put.
559 3939 603 3985 ubi
612 3939 675 3985 Gro-
754 3952 778 3999 9.
796 3937 859 3985 Inde
873 3937 955 3985 exorti
968 3937 1056 4002 equites
1060 3955 1071 3993 ‚·
1088 3936 1141 3986 vid.
1153 3953 1230 4003 supra

170 4015 258 4064 novius
281 4014 372 4078 legerat
398 4017 558 4082 insequentem
585 4017 674 4065 omisso
718 4015 749 4064 ad
762 4016 936 4077 1x,³1,n.6.
