2768 4574
169 329 219 400 90
600 316 637 382 r.
672 318 812 384 L1v11
941 370 944 377 .
1088 298 1217 401 tntu:

172 426 298 523 pulsus
322 445 433 517 esset,
454 447 575 502 tamen
597 435 695 507 ultro
717 434 908 507 inferendo
935 460 1052 518 arma,
1075 450 1244 507 contem·

172 553 275 634 ptum
294 539 350 629 sui
369 538 614 637 dempturum.
1210 552 1213 557 ’

221 653 417 720 XXXVIII.
437 657 490 723 Ne
508 667 629 726 tamen
650 651 768 726 subita
785 679 843 726 res
859 669 896 725 et
910 668 1109 724 nocturnus
1122 668 1246 732 terror

173 763 279 830 etiarn
302 786 375 831 non
393 784 464 833 suae
483 761 636 837 fortunae
657 765 870 837 consilium¹
890 763 1138 862 perturbaret,
1155 765 1245 836 allo·

173 871 339 967 quendos
358 872 678 974 adhortandosque
693 877 762 948 sibi
778 877 910 947 milites
927 891 1044 964 ratus,
1063 875 1246 946 concione

174 983 344 1053 advocata
360 986 410 1055 isa
425 985 592 1058 disseruit
608 1015 643 1058 :«
652 987 716 1059 Vel
737 1013 818 1058 mea
832 1011 916 1084 erga
930 986 1165 1082 imperatores
1178 1008 1246 1054 no·

159 1123 191 1158 t«
206 1109 299 1166 stros
312 1097 412 1167 vivos
427 1114 664 1196 mortuosque
683 1101 816 1196 pietas,
836 1099 892 1168 vel
909 1120 1065 1195 praesens
1077 1096 1246 1166 omnium

174 1236 191 1268 et
204 1221 389 1295 nostrum,
403 1209 550 1296 milites,
564 1208 711 1282 fortuna
724 1208 834 1280 fidem
849 1210 961 1279 cuivis
975 1206 1092 1278 facere
1107 1221 1247 1305 potest,

174 1348 191 1382 «
204 1318 294 1388 mihi
313 1319 385 1390 hoc
404 1322 619 1418 imperium,
638 1336 680 1393 ut
699 1321 860 1418 emplum
878 1319 1016 1414 judicio
1033 1332 1176 1406 vestro,
1195 1318 1248 1389 ita
1296 1408 1299 1413 .

173 1453 244 1498 «re
262 1430 339 1526 ipsa
356 1454 462 1527 grave
478 1457 519 1502 ac
537 1432 732 1503 sollicitum
747 1450 834 1502 esse.
851 1434 935 1521 Quo
950 1430 1048 1500 enim
1061 1443 1248 1526 tempore,

174 1566 191 1600 α
205 1538 274 1607 nisi
286 1554 406 1611 metus
417 1563 613 1614 moerorem
629 1539 954 1640 obstupefaceret²‚
963 1541 1024 1610 vix
1033 1541 1083 1610 ita
1096 1562 1249 1636 compos

176 1650 277 1718 «mei
303 1674 435 1739 essem,
458 1667 499 1724 ut
522 1653 642 1750 aliqua
665 1655 790 1724 solatia
814 1653 977 1722 invenire
1003 1674 1098 1749 aegro
1123 1652 1249 1721 animo

176 1788 193 1821 α
208 1780 348 1857 possem
363 1789 373 1848 ;
393 1787 504 1858 cogor
520 1778 676 1835 vestram
695 1764 859 1834 omnium
875 1763 988 1831 vicem
1007 1758 1129 1857 (quod
1149 1757 1249 1830 diffi-

176 1870 381 1941 «cillimum
400 1875 440 1942 in
461 1873 562 1944 luctu
587 1873 665 1968 est)
684 1898 780 1944 unus
805 1872 994 1943 consulere
1017 1898 1024 1939 τ
1046 1886 1082 1942 et
1098 1895 1146 1942 ne
1166 1884 1250 1940 tum

177 1980 377 2077 «quidem,
399 1983 481 2071 ubi,
503 2008 665 2080 quonam
684 1983 796 2054 modo
815 1983 880 2053 has
900 1983 1071 2078 reliquias
1090 1978 1251 2051 duorum

164 2122 195 2159 .«
210 2094 434 2163 exercituum
455 2096 578 2190 patriae
601 2113 813 2164 conservare
836 2093 990 2189 possim,
1013 2088 1251 2188 cogitandum

179 2230 196 2266 «
211 2216 281 2288 est,
295 2217 454 2273 aver-tere
472 2205 631 2294 animum
648 2202 693 2273 ab
713 2201 855 2272 assiduo
870 2224 1027 2272 moerore
1041 2200 1142 2271 libet.
1158 2205 1252 2271 Prte-

180 2343 196 2376 «
211 2327 267 2382 sto
283 2326 337 2381 est
352 2315 449 2383 enim
464 2313 593 2384 acerba
610 2315 805 2400 memoria,
821 2327 857 2382 et
866 2313 1052 2409 Scipiones
1066 2336 1125 2383 me
1138 2310 1251 2383 ambo

215 2483 276 2530 Cur.
287 2484 435 2531 XXXVIII.
455 2500 475 2530 1.
485 2484 569 2531 Etiam
579 2501 628 2530 nou
640 2500 690 2531 suer
735 2486 761 2541 t,
776 2497 806 2529 nr
817 2494 841 2530 et
856 2483 896 2529 55.
911 2483 959 2529 Sed
970 2483 1094 2529 consulere
1107 2483 1192 2545 potins
1206 2482 1251 2530 ab·

173 2562 285 2627 fortunar
300 2561 397 2610 affliesae
409 2563 550 2622 consilinm,
569 2565 692 2629 siparum
736 2563 814 2610 solute
834 2562 942 2626 positum
961 2573 997 2609 est
1015 2560 1040 2608 h.
1060 2561 1078 2607 l.
1096 2571 1121 2608 et
1140 2570 1253 2608 vestram

181 2642 345 2694 conveniens:
356 2644 448 2692 Stroth.
459 2671 494 2682 ·-
503 2645 599 2708 Lipsius
610 2646 638 2692 in
647 2661 692 2691 suo
737 2642 844 2688 omnium
853 2641 932 2688 vicem
946 2656 992 2705 pro
1004 2656 1010 2688 :
1022 2641 1055 2688 ob
1065 2641 1157 2699 vicem,
1170 2641 1253 2689 fortn-

180 2721 245 2769 lihro
255 2722 304 2786 legi
314 2734 338 2769 et
345 2739 394 2770 non
403 2741 455 2770 suoe
465 2736 580 2784 testatum
594 2736 618 2772 et
627 2725 693 2771 Peri·
737 2738 805 2779 nam,
819 2721 986 2768 conditionem
996 2731 1114 2778 vestram,
1128 2736 1171 2767 seu
1181 2720 1253 2784 quod

182 2817 237 2849 zon.
251 2798 283 2849 nd
300 2818 367 2849 oram
384 2802 448 2851 Livii
470 2805 588 2865 conjecit,
605 2802 693 2866 etjam
737 2801 769 2848 ad
779 2817 831 2847 eam
842 2798 929 2857 attinet
940 2799 1036 2864 (confer
1045 2799 1110 2859 adt,
1123 2799 1164 2857 25,
1174 2798 1252 2866 n.5);

181 2897 231 2929 non
245 2898 310 2939 sua,
326 2899 383 2931 earn
394 2885 474 2948 primo
489 2884 616 2932 eonsilium
631 2883 693 2930 aeci·
738 2880 777 2926 vel
785 2896 845 2944 pro,
857 2879 904 2936 ad,
918 2896 960 2927 sen
970 2879 1081 2927 invicem
1089 2896 1131 2938 ou,
1141 2878 1191 2926 hoo
1199 2890 1253 2939 θοις

181 2961 265 3024 piens,
284 2973 308 3008 et
324 2979 379 3011 voc.
394 2964 480 3012 milites
497 2963 644 3011 subaudIens
663 2961 694 3008 ad
739 2971 834 3018 vestro,
849 2976 892 3007 seu
905 2971 1013 3006 vestrum
1027 2960 1095 3017 loeo,
1116 2974 1163 3022 pro
1177 2959 1253 3029 vobis

183 3041 299 3088 turbaret.
313 3043 395 3103 Quum
409 3054 489 3091 autem
506 3043 533 3089 in
550 3045 651 3089 Putean.
671 3051 695 3087 et
720 3031 724 3037 ’
739 3037 787 3104 (an
798 3054 868 3086 curer
879 3040 943 3086 State
953 3036 1106 3102 oderSteIIe)
1119 3039 1152 3085 ita
1160 3049 1253 3086 utnon

183 3122 233 3167 Pet.
249 3121 387 3168 inveniatur
401 3133 527 3178 terrorem,
547 3120 605 3167 inde
615 3120 693 3183 suspi-
738 3133 784 3165 vos
799 3118 943 3175 consulatis,
957 3132 1036 3180 neque
1049 3133 1096 3180 ego
1111 3117 1254 3176 consulem,

183 3211 252 3246 estur
271 3202 295 3247 J.
312 3202 351 3245 Fr.
366 3200 508 3247 Gronovius
523 3210 547 3245 et
564 3209 695 3246 nocturnus
738 3198 787 3245 hoe
795 3208 842 3255 est,
853 3196 955 3245 consilis
963 3195 1167 3260 capiam(ridead
1173 3190 1254 3256 xxi,

184 3290 262 3326 terror
280 3290 344 3325 metu
357 3278 416 3342 jum
435 3289 484 3324 non
504 3276 694 3342 suoefortunae:
742 3279 822 3338 1o‚n.
836 3275 864 3341 3)
876 3275 1014 3332 vobiscum,
1028 3275 1254 3324 sedunusetsolus

184 3373 215 3404 ne
224 3358 270 3404 isto
283 3358 467 3420 interponerent
478 3368 569 3404 metum
580 3358 694 3422 incepto,
738 3373 785 3420 pro
796 3357 876 3405 vohis.
891 3356 931 3404 Sie
944 3366 1094 3402 mnostrum
1107 3354 1188 3402 ‘vicem
1200 3354 1253 3402 ira·

184 3437 252 3501 quod
274 3450 320 3500 per
340 3451 365 3481 se
388 3435 446 3482 sstIs
468 3447 519 3483 erat
541 3437 693 3502 ambignum,
738 3434 1255 3494 scarisXXXIV‚3n.ConI.ndXXXIX‚

183 3517 241 3580 quia
250 3528 301 3562 non
311 3515 416 3561 fortune
425 3514 491 3562 illius
501 3514 597 3564 sffltetae
608 3527 631 3564 et
640 3532 695 3580 pro
742 3523 790 3576 14,
806 3527 831 3562 n.
846 3516 873 3574 3,
887 3526 912 3562 et
923 3514 985 3573 XL,
998 3528 1028 3576 9,
1040 3530 1066 3560 n.
1077 3516 1102 3562 6.
1124 3513 1256 3562 Consolari

183 3594 316 3660 Inmodum
334 3592 465 3657 desperatae
473 3594 615 3656 videbatur,
629 3596 694 3644 ultro
738 3595 861 3660 pleraeque
873 3593 929 3642 edd.
940 3595 1079 3642 anteGron.
1090 3594 1164 3657 proh.
1176 3594 1254 3643 Doer.

184 3673 283 3738 aggredi
293 3672 401 3720 hostium
415 3685 501 3721 cestro.
513 3676 558 3721 En.
739 3684 767 3721 nt
780 3684 865 3721 sensus
880 3673 911 3719 sit
930 3687 937 3721 :
955 3688 1001 3736 ogo
1017 3686 1080 3720 unns
1094 3688 1140 3720 vos
1153 3685 1255 3735 omnes,

221 3752 307 3800 n.Nisi
315 3764 390 3800 metus
399 3768 522 3800 moerorem
532 3752 696 3817 obstupeface·
739 3739 832 3817 Ingens
840 3753 894 3816 Ipse
907 3753 1031 3815 lugentes,
1051 3752 1121 3816 quod
1135 3750 1255 3821 dffer'lli·

186 3843 239 3889 νοω
257 3831 314 3879 vide
326 3832 358 3879 ad
366 3833 399 3891 V,
414 3833 460 3894 39,
481 3850 506 3882 n.
522 3834 546 3879 3.
561 3860 597 3869 -
616 3832 696 3896 Cogor
739 3848 804 3879 mum
815 3830 839 3878 in
854 3831 920 3878 luctu
930 3842 979 3887 est,
998 3831 1122 3879 consolari
1130 3848 1214 3897 cogor,
1225 3842 1256 3882 nt

186 3923 294 3960 vestram
310 3911 416 3959 omnium
434 3912 513 3959 vicem
531 3927 591 3958 renus
608 3926 695 3957 consu·
739 3910 861 3958 consolari
873 3909 977 3972 alicujus
994 3909 1102 3957 dolorem
1114 3911 1181 3974 apud
1197 3912 1254 3962 cte.

186 3993 247 4048 lere,
263 3991 293 4040 de
308 4008 335 4040 en
351 3992 488 4048 consulere,
509 3990 638 4038 eonsilium
655 4005 694 4036 ea·
739 3990 770 4037 ad
787 3990 844 4038 Div.
863 3991 907 4046 tv,
927 3990 950 4036 8.
970 3991 1033 4036 Mox
1050 4006 1096 4054 pro
1117 3990 1175 4038 tiber
1196 4004 1257 4041 cum

186 4089 255 4138 pers,
265 4072 409 4131 deliberare,
420 4083 446 4119 ut
455 4072 593 4118 consultare
600 4068 698 4133 aliquid
740 4071 818 4117 (ὅπου.
831 4069 878 4132 leg.
894 4067 956 4114 licet.
