2768 4574
195 319 318 424 &52:321
360 328 451 396 nie.
481 331 663 400 xxvru.
694 336 1065 404 CAP.xl·11-.X1V.
1161 334 1229 411 363

169 469 222 524 tes
239 455 315 526 dies
329 454 374 525 ab
392 451 668 524 excursionibus
687 454 850 549 equitum
865 454 1027 551 levisque
1043 474 1230 529 armaturae

169 581 346 637 cessatum
368 579 432 634 est.

216 680 309 747 XIV.
317 674 390 746 Ubi
403 674 487 744 satis
497 686 641 743 tentatae
656 698 723 770 per
736 673 811 744 haec
826 673 916 744 levia
930 677 1126 747 certamina
1139 678 1231 750 vires

162 800 268 874 sunt,
284 788 382 883 prior
394 782 595 855 Hasdrubal
612 784 650 853 in
667 784 780 854 aciem
795 784 917 882 copias
929 784 1057 857 eduxit
1074 811 1082 853 ε
1099 784 1230 856 deinde

168 910 204 965 et
218 897 371 966 Romani
386 917 603 992 processere.
620 891 690 965 Sed
705 908 860 990 utraque
872 895 964 993 acies
978 920 1046 993 pro
1061 894 1155 966 vallo
1168 909 1232 966 ste

167 1005 211 1075 tit
230 1006 424 1087 instructa;
443 1018 479 1073 et
496 1027 610 1098 quum
628 1002 674 1072 ab
687 1005 826 1075 neutris
844 1027 966 1101 pugna
984 1018 1103 1101 coepta
1120 1018 1230 1091 esset,

120 1204 121 1208 Ἰ
165 1115 240 1209 jam
256 1115 314 1185 die
327 1113 372 1184 ad
388 1137 554 1184 occasum
571 1114 784 1201 inclinante,
800 1119 945 1191 aPoeno
962 1115 1079 1210 prius,
1098 1113 1231 1184 deinde

166 1225 220 1296 ab'
236 1230 399 1295 Romano
422 1228 460 1293 in
482 1237 596 1294 castra
618 1225 731 1321 copiae
752 1223 923 1295 reductae.
946 1228 1023 1294 Hoc
1044 1223 1141 1293 idem
1166 1245 1231 1318 per

168 1334 244 1406 dies
258 1335 398 1432 aliquot
407 1332 561 1406 factum:
572 1336 673 1432 prior
683 1358 825 1431 semper
833 1340 965 1405 Poenus
977 1333 1098 1430 copias
1107 1333 1230 1404 castris
1245 1390 1249 1400 .

132 1504 135 1512 ,
167 1443 362 1531 educebat3
380 1446 480 1542 prior
495 1442 596 1516 fessis
612 1443 741 1514 stando
759 1445 901 1541 signum
920 1441 1204 1540 receptui-dabat
1222 1469 1230 1511 :

166 1553 212 1624 ab
241 1570 370 1625 neutra
393 1569 506 1651 parte·
520 1577 759 1651 procursum,
789 1552 950 1622 telumve
976 1553 1144 1638 missum,
1169 1566 1232 1622 aut

165 1689 235 1735 vox
260 1663 332 1734 ulla
364 1679 454 1733 orta.
485 1661 642 1733 Mediam
670 1663 784 1732 aciem
813 1660 900 1732 hinc
927 1662 1101 1749 Romani,
1133 1660 1231 1730 illinc

165 1774 478 1870 Carthaginienses
496 1772 599 1841 mixti
619 1769 732 1859 Afris,
752 1794 890 1840 cornua
917 1770 1005 1839 socii
1032 1767 1229 1840 tenebant:

165 1899 268 1955 erant
293 1898 413 1954 autem
440 1883 626 1977 utrimque
653 1881 802 1977 Hispani
827 1904 895 1978 pro
923 1874 1095 1951 cornibus
1118 1893 1231 1950 :ante

164 1994 333 2090 punicam
352 1993 464 2062 aciem
484 1990 666 2087 elephanti
684 1990 915 2063 castellorum
930 1990 1058 2087 procul
1074 1989 1232 2086 speciem

163 2099 409 2198 praebebant&
441 2107 519 2171 Jam
544 2100 615 2172 hoc
643 2101 680 2170 in
706 2102 871 2196 utrisque
898 2101 1022 2172 castris
1052 2101 1231 2171 sermonis

163 2228 259 2301 erat,
279 2214 345 2300 ita,
364 2228 404 2285 ut
427 2213 593 2284 instructi
612 2210 811 2299 stetissent,
828 2226 1074 2309 pugnaturos;
1094 2209 1231 2282 medias

163 2325 255 2395 acies
277 2329 482 2395 Romanum
505 2328 750 2418 Poenumque,
770 2346 864 2418 quos
887 2323 984 2392 inter
1006 2320 1094 2391 belli
1123 2344 1231 2390 causa

161 2449 274 2522 esset,
290 2437 369 2532 pari
383 2434 516 2506 robore
532 2434 739 2504 animorum
754 2457 1015 2529 armorumque
1031 2456 1229 2503 concursu·

161 2567 232 2614 ros.
254 2545 373 2642 Scipio
396 2543 469 2615 ubi
485 2543 561 2615 haec
585 2542 766 2615 obstinate
793 2542 928 2614 credita
957 2542 1229 2630 animadvertit,

163 2653 285 2721 omnia
309 2652 355 2723 de
382 2654 559 2726 industria
584 2654 622 2722 in
647 2678 732 2724 eum
756 2652 875 2740 diem,
898 2678 974 2749 quo
1001 2667 1230 2748 pugnaturus

163 2773 256 2847 erat,
275 2763 437 2831 mutavit.
462 2768 648 2832 Tesseram
667 2763 809 2863 vesperi
828 2787 894 2858 per
912 2775 1029 2832 castra
1050 2759 1168 2849 dedit,
1191 2776 1232 2831 ut
1268 2842 1272 2850 ,

160 2881 246 2937 ante
259 2866 378 2968 lucem
392 2871 459 2939 viri
472 2872 636 2966 equique
653 2871 768 2940 curati
780 2885 817 2940 et
832 2872 954 2967 pransi
967 2886 1103 2959 essent,
1119 2896 1231 2941 arma·

161 2991 219 3049 tus
243 3003 355 3076 eques
378 2977 535 3073 frenatos
556 2981 800 3076 instratosque
827 2995 970 3051 teneret
991 3005 1117 3078 equos.
1138 2983 1230 3052 Vix-

160 3204 231 3254 Grcv.
249 3209 322 3255 Forte
340 3206 402 3254 nihil
422 3205 565 3253 mutandum
587 3217 670 3254 censet
715 3217 753 3254 tos
764 3208 791 3254 in
802 3209 911 3255 exercitu
923 3207 1016 3271 punico
1032 3206 1106 3254 fuisse
1120 3205 1230 3254 tradide-

160 3284 234 3334 Drak.
246 3286 294 3333 nisi
308 3285 376 3349 quod
385 3285 523 3332 inducenda
532 3285 564 3332 sit
572 3301 671 3350 praepo·
715 3286 755 3332 rit.
770 3286 973 3335 Drakenborchio
985 3286 1092 3350 placeret
1107 3286 1173 3333 visi:
1185 3286 1231 3333 ele·

160 3362 276 3427 aitioper,
288 3376 344 3412 ante
352 3364 463 3428 aliquot,
475 3380 490 3412 a
500 3364 621 3412 Rhenano
632 3365 670 3411 in·
714 3364 800 3430 phanti
809 3367 896 3430 procul
905 3366 951 3412 vIsi
961 3365 1116 3413 castellorum
1124 3365 1230 3430 speclem

160 3453 235 3500 serta,
256 3459 328 3506 quam
353 3445 426 3492 etiam
446 3444 560 3506 ignorant
587 3460 671 3492 omnes
715 3445 867 3506 praebebant.
880 3447 925 3492 Eo.
942 3472 977 3481 -
996 3447 1120 3491 Tesseram
1133 3445 1232 3506 vesperi

160 3520 233 3567 codd.
247 3523 293 3569 En.
716 3512 789 3592 (ἅμα
800 3529 836 3594 τῷ
846 3524 908 3592 φωτὶ
922 3523 1010 3588 Polyb.
1023 3526 1074 3581 XI,
1089 3539 1120 3570 aa
1131 3556 1139 3581 ,
1149 3523 1230 3595 minus

195 3600 258 3648 Car.
274 3601 344 3646 XIV.
359 3617 380 3648 1.
393 3599 671 3665 Elephanti...specicm
715 3602 884 3666 probabiliter)
889 3617 937 3666 per
947 3612 1030 3648 castra
1041 3601 1109 3648 dedit
1113 3619 1124 3658 ;
1136 3599 1188 3650 vid.
1198 3599 1230 3648 ad

155 3678 307 3742 praebebant.
317 3679 382 3726 Olim
394 3679 457 3726 editi
470 3692 496 3728 et
515 3679 600 3744 scripti
621 3681 671 3728 fere
715 3683 780 3741 VII,
798 3683 845 3741 35,
862 3699 887 3730 n.
903 3671 925 3730 ι’.
941 3683 979 3728 De
992 3680 1045 3744 ipsa
1060 3694 1142 3744 pugna
1161 3681 1227 3728 conf.

159 3773 244 3804 omnes
259 3757 314 3804 visu
325 3760 477 3821 praebebant.
489 3760 603 3807 Gremio
616 3763 670 3808 Pnt.
715 3761 805 3826 Polyb.
824 3764 876 3820 XI,
897 3776 928 3808 aa
938 3767 1004 3818 -at,
1022 3770 1047 3806 et
1068 3759 1223 3825 Guischard,

159 3836 218 3900 legit
238 3835 264 3881 ui
276 3835 315 3882 vel
326 3837 356 3883 vi
363 3839 441 3900 praeb.
455 3839 522 3886 unde
536 3837 612 3887 efficit
621 3840 669 3896 VI,
715 3839 843 3886 Mdmoires
855 3837 994 3894 militaires,
1008 3847 1026 3893 t.
1033 3826 1061 3897 Ἰ,
1073 3854 1126 3902 cap.
1141 3854 1179 3885 11.
1192 3865 1226 3874 --

157 3915 248 3973 idest,
265 3930 317 3962 sect.
335 3916 384 3963 Sed
403 3932 458 3963 eum
480 3918 568 3966 merito
588 3917 668 3982 impu·
715 3921 834 3966 Instratos
842 3917 973 3982 ephippiis,
983 3917 1227 3981 stragulis,utXXI,

160 4005 234 4057 gaunt
253 3995 380 4041 Creverius
402 4006 426 4042 et
447 3997 570 4045 Drakenh.
592 4014 667 4060 quum
715 3997 762 4055 54,
776 4009 800 4044 et
813 3999 935 4056 XXXIV,
950 4012 1008 4056 7‚n.
1018 4004 1041 4052 t.
1054 3997 1093 4044 Sic
1103 4008 1128 4044 et
1138 3996 1226 4044 instru-

158 4073 247 4138 Polyb.
257 4075 305 4132 XI,
319 4075 361 4135 18,
373 4075 471 4137 triginta
482 4076 544 4125 duos
554 4075 667 4140 elephan-
713 4088 763 4123 ctus
774 4092 849 4139 cqrtus
860 4078 938 4135 XXI,
955 4091 987 4135 ²7
999 4086 1059 4124 em.
