2768 4574
158 359 202 428 ,ρ
577 325 617 398 a.
649 330 790 399 mvn
1064 310 1192 421 stu:

156 456 342 555 apronius
362 452 490 525 consul
511 451 617 522 toties
636 450 710 546 jam
730 475 813 521 curn
835 451 939 522 hoste
956 454 1065 548 siguis
1083 453 1220 526 collatis

157 566 364 663 «pugnavit.
379 590 386 632 :
404 587 524 661 operae
543 562 700 661 pretium
716 558 870 647 habent,
885 557 1086 633 libertatem
1104 564 1221 634 civita·

156 708 176 743 e
188 693 347 773 temque.
363 679 431 746 Pro
450 674 562 744 servis
575 672 701 744 saltem
717 669 762 742 ad
777 669 998 742 bochellum
1018 675 1147 770 emptis
1158 698 1219 744 vo·

152 816 174 852 a
187 784 244 857 bis
263 787 373 856 simus
389 810 397 852 ε
416 783 588 880 congredi
608 807 690 853 curn
705 781 809 854 hoste
828 780 949 869 liceat,
968 796 1004 852 et
1021 784 1219 880 pugnando

156 923 176 963 e
189 920 351 994 quarere
365 893 579 966 libertatem.
596 894 660 966 Vis
677 907 718 962 tu
736 894 847 982 mari,
864 893 917 963 vis
932 907 1041 981 terra,
1056 895 1109 965 uis
1126 896 1220 984 acie,

156 1038 175 1072 a
186 1008 239 1078 vis
262 1004 417 1078 urbibus
432 1003 688 1102 oppugnandis
707 1005 861 1101 experiri
875 1005 1073 1075 virtutem?
1088 1008 1222 1102 Asper-

157 1148 174 1183 a
187 1119 281 1189 rima
293 1141 449 1214 quaeque
459 1115 506 1187 ad
518 1113 680 1186 laborem
690 1115 965 1212 periculumque
979 1114 1221 1213 deposcimus,

159 1241 249 1315 aut,
265 1225 368 1323 quod
385 1225 432 1296 ad
448 1229 592 1296 &uuas
610 1221 820 1295 faciundum
836 1222 923 1311 fuit,
941 1226 1221 1323 quamprimum

134 1359 137 1372 ¹
157 1367 175 1404 ι
189 1336 277 1426 liat3
301 1336 492 1433 quoniam,
513 1333 694 1432 quidquid
714 1349 839 1432 postca
860 1335 1036 1424 viximus,
1056 1335 1093 1407 id
1112 1360 1221 1407 omne

157 1448 408 1520 «destinatum
422 1447 630 1543 ignominiae
652 1459 716 1516 est.
732 1474 749 1509 s

204 1564 282 1632 VII.
306 1557 382 1630 Sub
401 1556 479 1627 haec
496 1555 612 1628 dicta¹
634 1554 680 1626 ad
701 1579 819 1652 genua
838 1555 996 1626 Marcelli
1014 1556 1222 1653 procubue-

156 1685 256 1742 runt.
276 1668 472 1741 Marcellus
487 1667 525 1738 id
548 1691 615 1738 nec
631 1666 740 1761 juris,
762 1690 830 1737 nec
849 1667 1035 1763 potestatis
1052 1692 1123 1738 suae
1145 1692 1222 1740 esse

154 1779 268 1850 dixit:
286 1780 427 1850 senatui
443 1778 662 1873 scripturum
683 1801 741 1863 se,
762 1777 961 1873 omniaque
979 1775 1024 1848 de
1044 1781 1222 1850 sententia

157 1894 304 1962 Petrum
327 1887 506 1958 facturum
531 1911 620 1957 esse.
641 1891 702 1956 Hae
722 1885 832 1956 literae
854 1886 900 1958 ad
922 1913 1037 1959 novos
1056 1890 1222 1961 consules

156 1999 291 2087 allatae,
311 2022 352 2069 ac
369 2022 435 2096 per
451 2022 513 2069 eos
533 1999 570 2068 in
585 2010 711 2068 senatu
727 1999 883 2068 recitatae
900 2013 1002 2069 sunt:
1017 2001 1222 2074 consultus-

158 2134 231 2207 que
247 2109 293 2180 de
312 2107 368 2178 bis
388 2106 499 2178 literis
518 2108 570 2177 ita
592 2106 749 2179 decrevit
766 2121 933 2178 senatus:
950 2109 1142 2198 Militibus,
1159 2116 1224 2208 qui

131 2253 133 2255 ·
158 2221 212 2291 ad
227 2223 371 2290 Carinas
384 2214 640 2289 commilitones
656 2208 741 2288 suos
748 2234 956 2314 pugnantes
972 2219 1221 2305 deseruissent,

155 2329 590 2416 senatumntaz·lvtdere²,
610 2353 675 2398 car
690 2327 891 2425 respublica
904 2329 1158 2399 committenda
1164 2333 1219 2397 sit.

159 2438 200 2511 St
207 2445 254 2510 M
253 2495 260 2508 .
273 2438 430 2510 ‘Claudio
433 2438 647 2537 proconsuli
653 2439 953 2525 alitervideretar,
957 2439 1112 2528 faceret,
1123 2436 1226 2536 qaod

159 2548 377 2646 erepublica
383 2549 539 2646 fideque
553 2574 622 2619 sua
635 2545 797 2619 videret³
804 2577 817 2636 ,·
836 2548 923 2617 dam
938 2573 985 2618 ne
1000 2555 1080 2646 quis
1098 2573 1222 2630 eoram

160 2683 308 2729 manere
324 2675 488 2745 uacaret,
504 2684 575 2729 nea
586 2659 682 2729 dono
700 2657 848 2728 militari
858 2663 998 2727 uirtutis
1009 2682 1092 2753 ergo
1110 2658 1223 2728 dona·

158 2785 270 2856 retur,
283 2794 354 2838 aea
363 2774 400 2838 in
411 2769 557 2839 Italiam
570 2784 823 2866 reportaretur,
836 2768 950 2839 donec
958 2770 1068 2840 bostis
1077 2776 1114 2840 ia
1128 2786 1224 2840 terra

160 2878 270 2949 Italia
287 2895 386 2950 esset.
406 2880 561 2978 Comitia
578 2877 709 2950 deinde
730 2903 750 2948 a
772 2893 922 2975 praetore
941 2879 1083 2952 urbano
1102 2879 1148 2952 dc
1166 2905 1222 2952 se·

160 3004 267 3060 natus
288 2990 465 3061 sententia
486 2987 677 3086 plebisque
703 2989 795 3058 scitu
817 3003 900 3059 sunt
923 2989 1044 3078 habita
1061 3017 1068 3058 :
1088 2988 1222 3087 quibus

160 3099 270 3168 creati
283 3099 614 3194 suntquinqucviri
627 3097 740 3168 muris
754 3097 987 3196 turribusque
997 3098 1221 3189 reficiendis,

196 3288 320 3336 Car-NH.
331 3302 353 3336 1.
362 3287 410 3334 Sub
418 3287 471 3334 lioec
482 3285 563 3344 diata;
573 3286 628 3335 vide
638 3287 669 3334 ad
713 3301 790 3337 casua
802 3300 916 3354 portare,
929 3300 978 3336 etc.
988 3301 1070 3337 censet
1085 3291 1221 3340 Creverius.

162 3368 198 3426 11,
213 3366 256 3422 55,
266 3381 291 3412 u.
305 3382 327 3415 1.
711 3369 836 3417 licentem
850 3367 964 3416 oneribus
978 3386 1062 3419 vacare
1078 3370 1223 3433 quibusdam

197 3460 222 3491 a.
235 3445 350 3491 Senatum
361 3442 424 3492 sitit
433 3443 531 3501 uidere,
545 3443 571 3492 b.
581 3461 603 3493 c.
613 3445 667 3493 nul·
711 3449 829 3496 militibus
838 3483 846 3506 ,
855 3448 952 3495 virtutis
964 3465 1037 3512 ergo,
1049 3449 1158 3498 dabatur.
1172 3432 1223 3496 llas

160 3524 208 3572 lam
220 3539 332 3580 oausam,
345 3523 514 3587 carrespubl„
529 3525 581 3584 ejus
592 3525 668 3584 salus,
712 3528 784 3575 etiam
797 3527 938 3574 vacationes
952 3529 1075 3579 interdum
1092 3529 1195 3594 pecunia
1208 3545 1222 3576 a

161 3601 334 3650 committenda
343 3603 390 3658 sit,·
398 3601 449 3650 vid.
460 3602 491 3649 ad
501 3605 539 3660 11,
553 3604 599 3661 64,
610 3621 634 3651 n.
646 3606 669 3651 ³.
714 3606 897 3653 centurionibus
921 3607 1039 3655 redimere
1062 3609 1148 3656 solitos
1171 3624 1223 3655 ease

197 3682 221 3728 3.
233 3679 306 3741 Quod
318 3695 331 3726 a
345 3694 395 3743 rep.
404 3680 507 3748 fideque
519 3698 565 3729 sua
576 3683 672 3731 uideret
714 3686 803 3732 milites
817 3685 889 3733 docet
901 3686 979 3736 Tacit.
991 3688 1081 3736 Annal.
1096 3691 1123 3746 l,
1142 3702 1182 3746 17,
1198 3697 1224 3736 ct

160 3757 232 3826 (vide
244 3757 276 3803 ad
292 3759 382 3817 xm,
396 3758 532 3823 39,n.1)‚
552 3760 610 3808 dum
622 3777 670 3819 rm
714 3765 772 3813 alibi
783 3765 935 3828 aaepiuaAEn.
951 3792 986 3802 -
1001 3766 1101 3814 Virtutis
1112 3782 1184 3830 ergo,·
1197 3782 1222 3813 v.

156 3835 295 3884 ‘dummodo
315 3852 382 3894 non,
399 3837 453 3900 qais
472 3854 554 3901 carram
573 3856 670 3888 munere
713 3844 745 3891 ad
758 3845 807 3903 VI,
821 3861 864 3904 27,
878 3861 903 3892 n.
918 3860 939 3894 1.
957 3873 990 3882 -
1007 3848 1038 3892 Ia
1051 3844 1220 3901 terraturio,

161 3926 265 3962 uacaret
275 3917 391 3963 castrensi
402 3917 478 3965 :vide
490 3920 534 3977 IV,
548 3922 593 3977 26,
609 3937 634 3967 u.
645 3935 669 3981 7.
712 3936 740 3972 ut
749 3925 835 3983 XXX,
846 3925 893 3982 323
903 3926 982 3982 xnn,
995 3940 1041 3986 29,
1051 3926 1138 3990 optimi
1149 3924 1221 3971 MSS.

98 4032 101 4037 .
160 4019 196 4028 --
213 3995 301 4041 Munus
313 3995 354 4042 bic
369 4011 421 4042 esse
436 4013 497 4045 onus
508 3998 624 4057 militare,
641 4011 668 4048 ut
712 4003 785 4066 Vulg.
804 4004 870 4050 iutra
886 4004 995 4052 Italiam.
1019 4006 1091 4055 Conf.
1110 4005 1176 4052 infra·
1190 4003 1222 4051 acl

160 4071 265 4137 lignum,
279 4073 371 4122 frenum
380 4065 395 4134 ,¹
404 4086 525 4136 stramen,
543 4095 629 4141 aquam
641 4080 668 4126 in
711 4083 824 4143 xxvfl,
839 4091 886 4142 aa,
898 4099 924 4130 n.
938 4099 960 4132 1.
