2768 4574
147 291 267 399 22533233
360 310 517 376 niusa
547 306 710 374 xxvii.
738 307 842 397 cir.
870 308 936 373 rx.
1111 305 1191 397 243,

91 512 92 515 Ἴ
120 436 285 504 omniurn
299 433 496 530 legationes
506 433 629 498 Romae
643 441 763 498 essent
773 431 801 516 ⁴,
816 443 1039 523 negaverunt
1053 453 1184 499 consu·

121 545 216 615 libus
231 568 326 626 esse,
338 541 436 613 unde
448 539 578 609 milites
588 539 852 635 pecuniamque
865 537 1001 610 darent.
1014 544 1072 609 Eae
1085 538 1186 611 fuere
1223 548 1225 555 ’

121 651 268 743 Ardea5,
278 651 618 750 Nepete,Sutrium,
631 646 734 734 Alba,
748 649 922 736 Carseoli,
933 652 1040 736 Cora,
1049 655 1187 736 Suessa,

122 768 267 854 Circeii,
282 765 397 851 Setia,
414 763 526 847 Cales,
541 761 692 848 Narnia,
708 764 922 830 Interamna.
939 764 1038 831 Nova
1050 785 1090 830 re
1106 784 1187 830 con·

122 878 217 949 sules
231 871 327 963 icti⁶,
347 897 461 970 quum
476 871 676 942 absterrere
691 895 754 941 eos
766 885 869 940 atam
883 868 1085 942 detestabili
1098 879 1185 942 con·

122 988 201 1059 siIio
226 985 381 1069 vellent,
411 981 616 1079 castigando
645 981 942 1079 increpandoque
968 982 1051 1078 plus
1077 1005 1187 1077 quam

121 1099 252 1169 leniter
271 1093 429 1192 agenda,
450 1090 680 1190 profecturos
697 1093 785 1180 rati,
805 1117 865 1163 eos
883 1117 992 1162 aratos
1009 1116 1085 1163 esse
1101 1117 1189 1175 con,-

120 1207 258 1278 sulibus
274 1207 412 1292 dicere,
436 1203 595 1291 aiebant,
617 1203 719 1300 quod
736 1202 913 1290 consules,
941 1209 978 1272 in
999 1220 1128 1273 senatu
1151 1219 1193 1273 ut

117 1323 414 1417 pronuntiarent,
430 1321 468 1384 in
480 1320 645 1384 animum
659 1312 827 1384 inducere
840 1338 914 1383 non
921 1330 1083 1411 possent.
1100 1319 1187 1385 Non

121 1434 217 1498 enim
233 1428 525 1497 detrectationem
541 1450 625 1495 eam
639 1449 830 1494 munerum
847 1422 1000 1510 militiae,
1012 1422 1080 1492 sed
1090 1448 1190 1520 aper·

124 1557 201 1609 tarn
221 1536 457 1628 despetionem
472 1559 497 1605 a
506 1533 650 1632 populo
668 1556 820 1604 romano
836 1558 920 1603 esse.
935 1533 1108 1603 Redirent
1124 1538 1191 1603 ita·
1212 1555 1214 1558 ’

120 1675 192 1746 que
200 1668 360 1745 propere
377 1652 414 1716 in
428 1645 610 1732 colonias,
627 1661 680 1732 et,
698 1662 886 1742 tamquam
905 1651 1043 1741 integra
1060 1669 1117 1731 re,
1137 1643 1154 1713 l
1175 1685 1189 1701 ·

122 1765 227 1857 qunti
249 1764 383 1853 magis,
412 1782 526 1854 quarn
551 1763 651 1843 ausi,
681 1771 821 1826 tanturn
846 1756 976 1846 nefas,
1004 1780 1087 1825 cum
1115 1760 1189 1824 suis

121 1866 354 1939 consulerent.
373 1867 639 1952 Admonerent,
659 1891 732 1936 non
750 1869 975 1963 Campanos,
990 1889 1106 1961 neque
1123 1868 1191 1934 Ta·

119 1984 277 2048 reatinos
295 2001 355 2046 eas
373 2000 470 2062 esse,
492 1976 561 2047 sed
574 1982 779 2063 Rornanos;
793 1976 877 2045 inde
893 1974 1084 2062 oriundos,
1105 1974 1190 2044 inde

121 2096 158 2158 in
181 2086 341 2158 colonias
363 2101 473 2183 aupue
494 2093 531 2156 in
552 2110 682 2182 agrum
704 2085 797 2156 bello
815 2100 962 2182 captum
980 2089 1099 2182 stirpis
1120 2108 1189 2153 au-

117 2199 250 2296 gendae
268 2220 382 2268 causa
400 2204 526 2268 missos
542 2223 552 2266 :
566 2221 651 2295 quae
667 2197 772 2268 liberi
774 2195 992 2293 parentibus
1005 2193 1190 2280 deberent,

119 2334 165 2379 ea
183 2309 262 2379 illos
289 2313 464 2378 Romanis
482 2308 630 2395 debere,
654 2314 687 2378 si
710 2306 785 2378 ulla
801 2312 941 2403 pietas,
962 2311 996 2375 si
1015 2310 1191 2374 memoria

120 2556 240 2602 Satricum
250 2556 297 2618 leg.
308 2572 354 2620 pro
366 2555 493 2621 Sutrium);
507 2556 598 2620 Nepet,
611 2573 631 2604 s.

121 2636 225 2696 Nepete,
239 2649 263 2681 a.
276 2635 340 2694 3733
350 2634 432 2691 Setia,
441 2652 464 2682 a.
475 2635 535 2695 377;
550 2635 631 2692 Gales,

119 2729 141 2758 a.
151 2720 209 2768 4213
221 2715 319 2767 Anxia,
331 2728 374 2759 sen
385 2713 529 2770 Tarracina,
539 2715 631 2770 anam

119 2790 248 2855 Fregella,
260 2805 282 2837 a.
294 2797 353 2851 4273
364 2791 440 2846 Sora,
454 2807 477 2837 a.
488 2792 553 2851 439,
566 2791 632 2848 4503

119 2868 231 2925 Luceria,
242 2884 267 2916 a.
279 2875 343 2926 itm
351 2869 439 2915 Suessa
448 2869 634 2928 Auruncorum,

119 2947 210 2995 Pontia
224 2957 249 2996 et
262 2945 385 3002 Saticula,
400 2961 422 2993 a.
440 2953 489 3001 441
511 2945 583 3011 (ride
598 2948 630 2994 ad

119 3022 363 3088 Velleium,1,1t,);
383 3023 511 3080 Casinum,
530 3040 552 3072 a.
568 3033 631 3085 4423

119 3108 275 3162 Interamna,
293 3121 314 3152 a.
327 3105 391 3160 4433
407 3103 473 3150 Alba
485 3105 632 3166 Equorum,

119 3201 140 3232 a.
152 3185 212 3243 4503
225 3182 345 3239 Carseoli,
358 3199 380 3231 a.
390 3181 451 3240 4513
463 3182 571 3238 Narnia,
588 3199 631 3230 seu

120 3262 274 3326 Nequinum,
292 3279 313 3309 a.
328 3261 392 3319 4533
406 3259 540 3308 Minturnae
552 3273 578 3311 et
594 3262 632 3309 Si·

119 3358 218 3399 nuessa,
229 3359 251 3390 a.
261 3343 326 3398 4563
338 3340 457 3398 Venusia,
472 3357 494 3388 a.
506 3342 557 3396 460
570 3341 632 3407 (vid.

120 3420 184 3468 Vell.
198 3420 216 3468 1.
230 3418 277 3484 l.);
289 3420 415 3476 Castrum,
428 3421 492 3466 Sena
503 3430 528 3467 et
536 3421 630 3479 Adria,

119 3498 193 3561 paulo
203 3508 261 3562 post
274 3515 296 3546 a.
311 3501 360 3554 462
374 3499 436 3563 (vid.
445 3499 512 3563 Epir.
521 3503 572 3558 XI,
585 3500 631 3548 scil

119 3589 144 3625 et
156 3577 244 3640 Vel't.);
260 3577 322 3624 Cosa
334 3589 359 3626 et
371 3582 477 3626 Pastum
495 3578 552 3645 (aut
565 3579 631 3627 Posi·

120 3655 210 3712 donia,·
232 3656 283 3702 vid.
299 3656 367 3720 Epit.
384 3658 448 3705 xlv
460 3668 484 3704 et
499 3658 590 3724 vell),
608 3676 630 3706 a.

120 3743 187 3797 4793
208 3734 345 3781 Ariminum
365 3747 389 3784 et
410 3740 587 3798 Beneuentum,
609 3756 631 3786 a.

122 3816 187 3872 4843
207 3814 328 3870 Firmum,
349 3830 371 3861 a.
382 3816 445 3875 4863
461 3818 590 3877 AEsernia,
608 3835 631 3866 a.

122 3895 183 3955 4873
196 3893 305 3940 AEsuium
316 3902 341 3939 et
349 3893 457 3952 Alsium,
468 3912 490 3943 a.
501 3897 564 3957 5033
575 3901 632 3945 Fre-

118 3987 202 4034 genae,
221 3989 243 4018 a.
259 3970 323 4029 5053
337 3972 514 4032 Brundusium,
529 3992 551 4022 a.
568 3977 632 4035 506;

120 4049 264 4112 Spoletium,
276 4068 297 4098 a.
311 4050 375 4112 5⁰93
390 4052 515 4110 Valentia,
532 4071 553 4104 a.
568 4054 631 4115 5113

1094 2463 1098 2495 l

678 2556 797 2603 Cremona
815 2567 840 2605 et
857 2556 999 2625 Placentia,
1014 2571 1036 2602 a.
1053 2555 1112 2602 532.
1127 2554 1190 2620 (un

677 2635 817 2683 addendum
826 2635 980 2690 Ferentinum
984 2653 994 2690 ;
1006 2633 1057 2681 vid.
1068 2635 1190 2694 XXXIV,

679 2722 724 2771 42,
734 2730 759 2759 n.
769 2712 806 2775 α.)
818 2713 856 2762 Cf.
869 2712 923 2759 Ind.
931 2711 995 2759 Vell.
1006 2714 1033 2770 1,
1047 2720 1092 2770 143
1102 2713 1187 2776 SIgon.

679 2792 710 2840 de
723 2795 783 2840 Jurc
796 2792 852 2840 Ital.
865 2794 905 2849 11,
920 2791 949 2849 53
963 2793 1015 2849 111,
1031 2800 1055 2847 4.
1067 2791 1188 2840 Caeterum

678 2871 747 2918 locus
756 2882 840 2918 noster
848 2886 899 2934 prae
910 2869 1003 2918 cureris
1014 2869 1102 2929 docet,
1115 2886 1189 2934 quem

678 2950 739 2997 dura
752 2947 832 2996 fuerit
846 2949 998 2996 coloniarum
1016 2949 1134 2998 conditio.
1149 2950 1189 2998 Cf.

677 3039 702 3076 et
723 3028 838 3084 XXVII,
864 3029 915 3086 38;
935 3029 1040 3087 XXIX,
1064 3028 1110 3087 15,
1138 3029 1188 3089 373

677 3108 804 3164 XXXVI,
819 3109 848 3164 3,
866 3120 890 3155 et
906 3109 988 3173 noyn.
1006 3107 1098 3172 Opusc.
1117 3107 1187 3155 acad.

676 3195 695 3231 t.
705 3188 756 3244 III,
766 3202 792 3249 p.
807 3186 837 3232 81
850 3202 900 3249 seq.

712 3271 736 3318 4.
748 3266 826 3326 Quum
840 3265 952 3317 oninium,
959 3264 1093 3329 legationes
1103 3265 1187 3312 Itomae

677 3355 766 3400 essent,
785 3365 798 3384 «ι
808 3344 847 3391 vel
860 3344 893 3391 ob
905 3361 958 3391 carn
969 3359 1088 3390 caumme
1100 3360 1189 3391 consu·

675 3422 741 3470 libus
751 3434 872 3481 evocatae,
884 3424 923 3472 vel
935 3425 1000 3471 ultro
1013 3427 1116 3470 Romam
1128 3437 1187 3487 pro·

677 3501 758 3560 fectae,
773 3513 800 3549 ut
812 3513 878 3549 recte
888 3502 955 3566 Lips.
967 3502 997 3550 de
1008 3503 1063 3550 Mil.
1073 3505 1146 3550 Rom.
1160 3505 1188 3562 1,
1215 3560 1217 3567 Ι

680 3597 707 3641 7’;
721 3597 752 3627 ex
765 3581 818 3627 Liv.
832 3582 953 3640 XXXIV,
966 3582 1029 3631 56.»
1038 3582 1104 3629 Duk.

711 3660 734 3706 5.
744 3656 865 3724 Eafircre
874 3660 972 3718 Ardea,
983 3661 1083 3724 Nepete,
1096 3671 1143 3708 etc.
1153 3660 1186 3708 cI.
1202 3677 1205 3689 .

675 3741 779 3798 XXIX,
796 3741 840 3797 16,
858 3739 901 3787 ubi
918 3751 999 3787 tamen
1017 3742 1081 3786 Sara
1098 3739 1187 3803 legitur

676 3835 723 3884 pro
739 3820 802 3867 Cara
812 3835 821 3865 :
833 3816 903 3865 unde'
910 3820 950 3866 vel
962 3819 1000 3866 ihi
1011 3818 1053 3867 vel
1063 3818 1089 3868 h.
1100 3818 1116 3866 l.
1131 3835 1187 3883 pec·
1287 3866 1288 3873 ,

677 3910 761 3946 curant
773 3898 873 3944 librarii.

712 3979 736 4025 6.
754 3978 826 4025 Nara
842 3993 869 4024 re
885 3979 994 4026 comulas
1013 3979 1070 4036 ieti;
1086 3979 1136 4027 vid.
1154 3977 1186 4024 ad

676 4058 840 4117 1,16,n.2.

949 4143 1007 4213 16.
