<?xml version="1.0" encoding="UTF-8"?>
<!DOCTYPE html PUBLIC "-//W3C//DTD XHTML 1.0 Transitional//EN"
    "http://www.w3.org/TR/xhtml1/DTD/xhtml1-transitional.dtd">
<html xmlns="http://www.w3.org/1999/xhtml" xml:lang="en" lang="en">
 <head>
  <title>
</title>
<meta http-equiv="Content-Type" content="text/html;charset=utf-8" />
  <meta name='ocr-system' content='tesseract 3.04.00' />
  <meta name='ocr-capabilities' content='ocr_page ocr_carea ocr_par ocr_line ocrx_word'/>
</head>
<body>
  <div class='ocr_page' id='page_1' title='image "./titusliviuspata04freigoog_0358.png"; bbox 0 0 2768 4574; ppageno 0'>
   <div class='ocr_carea' id='block_1_1' title="bbox 155 305 1268 3075">
    <p class='ocr_par' dir='ltr' id='par_1_1' title="bbox 155 305 1268 3075">
     <span class='ocr_line' id='line_1_1' title="bbox 193 305 1229 411; baseline 0.008 -22"><span class='ocrx_word' id='word_1_1' title='bbox 193 305 315 411; x_wconf 61' lang='lat' dir='ltr'><strong><em>llil.</em></strong></span> <span class='ocrx_word' id='word_1_2' title='bbox 395 324 548 391; x_wconf 76' lang='lat' dir='ltr'><strong><em>clena</em></strong></span> <span class='ocrx_word' id='word_1_3' title='bbox 578 323 764 389; x_wconf 78' lang='lat' dir='ltr'><strong><em>xxvtn.</em></strong></span> <span class='ocrx_word' id='word_1_4' title='bbox 793 323 898 389; x_wconf 71' lang='lat' dir='ltr'><strong><em>cnr.</em></strong></span> <span class='ocrx_word' id='word_1_5' title='bbox 926 325 992 390; x_wconf 76' lang='lat' dir='ltr'><strong><em>tx.</em></strong></span> <span class='ocrx_word' id='word_1_6' title='bbox 1161 324 1229 397; x_wconf 77' lang='lat'><strong><em>353</em></strong></span> 
     </span>
     <span class='ocr_line' id='line_1_2' title="bbox 166 439 1227 542; baseline 0.006 -28"><span class='ocrx_word' id='word_1_7' title='bbox 166 451 252 542; x_wconf 85' lang='lat' dir='ltr'><strong><em>ipsis</em></strong></span> <span class='ocrx_word' id='word_1_8' title='bbox 271 441 574 539; x_wconf 78' lang='lat' dir='ltr'><em>triumphantibus</em></span> <span class='ocrx_word' id='word_1_9' title='bbox 592 441 722 510; x_wconf 81' lang='lat' dir='ltr'><strong><em>Urbem</em></strong></span> <span class='ocrx_word' id='word_1_10' title='bbox 741 447 831 512; x_wconf 88' lang='lat' dir='ltr'><strong><em>inire</em></strong></span> <span class='ocrx_word' id='word_1_11' title='bbox 847 441 985 530; x_wconf 87' lang='lat' dir='ltr'><strong><em>liceret,·</em></strong></span> <span class='ocrx_word' id='word_1_12' title='bbox 997 439 1045 514; x_wconf 49' lang='lat' dir='ltr'><strong><em>¹Se</em></strong></span> <span class='ocrx_word' id='word_1_13' title='bbox 1057 473 1145 518; x_wconf 81' lang='lat' dir='ltr'><strong><em>uero</em></strong></span> <span class='ocrx_word' id='word_1_14' title='bbox 1165 475 1227 536; x_wconf 74' lang='lat' dir='ltr'><strong><em>ea,</em></strong></span> 
     </span>
     <span class='ocr_line' id='line_1_3' title="bbox 165 551 1230 652; baseline 0.007 -28"><span class='ocrx_word' id='word_1_15' title='bbox 165 551 252 652; x_wconf 80' lang='lat' dir='ltr'><strong><em>qua</em></strong></span> <span class='ocrx_word' id='word_1_16' title='bbox 263 552 508 652; x_wconf 78' lang='lat' dir='ltr'><strong><em>postularent,</em></strong></span> <span class='ocrx_word' id='word_1_17' title='bbox 529 553 738 636; x_wconf 85' lang='lat' dir='ltr'><strong><em>decernere,</em></strong></span> <span class='ocrx_word' id='word_1_18' title='bbox 761 556 905 638; x_wconf 72' lang='lat' dir='ltr'><strong><em>Panse,</em></strong></span> <span class='ocrx_word' id='word_1_19' title='bbox 932 561 1057 626; x_wconf 87' lang='lat' dir='ltr'><strong><em>merito</em></strong></span> <span class='ocrx_word' id='word_1_20' title='bbox 1078 558 1230 630; x_wconf 89' lang='lat' dir='ltr'><strong><em>deorum</em></strong></span> 
     </span>
     <span class='ocr_line' id='line_1_4' title="bbox 158 663 1231 765; baseline 0.006 -30"><span class='ocrx_word' id='word_1_21' title='bbox 158 672 343 765; x_wconf 74' lang='lat' dir='ltr'><strong><em>primum,¹</em></strong></span> <span class='ocrx_word' id='word_1_22' title='bbox 358 666 443 735; x_wconf 87' lang='lat' dir='ltr'><strong><em>dein</em></strong></span> <span class='ocrx_word' id='word_1_23' title='bbox 452 719 463 751; x_wconf 88' lang='lat'>,</span> <span class='ocrx_word' id='word_1_24' title='bbox 480 664 678 734; x_wconf 87' lang='lat' dir='ltr'><strong><em>secundum</em></strong></span> <span class='ocrx_word' id='word_1_25' title='bbox 692 663 795 748; x_wconf 87' lang='lat' dir='ltr'><strong><em>deos,</em></strong></span> <span class='ocrx_word' id='word_1_26' title='bbox 815 663 1020 750; x_wconf 90' lang='lat' dir='ltr'><strong><em>consulum,</em></strong></span> <span class='ocrx_word' id='word_1_27' title='bbox 1036 670 1231 765; x_wconf 86' lang='lat' dir='ltr'><strong><em>responde·</em></strong></span> 
     </span>
     <span class='ocr_line' id='line_1_5' title="bbox 166 772 1231 875; baseline 0.007 -29"><span class='ocrx_word' id='word_1_28' title='bbox 166 793 273 866; x_wconf 83' lang='lat' dir='ltr'><strong><em>runt;</em></strong></span> <span class='ocrx_word' id='word_1_29' title='bbox 293 791 329 848; x_wconf 89' lang='lat' dir='ltr'><strong><em>et</em></strong></span> <span class='ocrx_word' id='word_1_30' title='bbox 353 776 619 875; x_wconf 76' lang='lat' dir='ltr'>supplicatione</span> <span class='ocrx_word' id='word_1_31' title='bbox 640 772 831 846; x_wconf 86' lang='lat' dir='ltr'><strong><em>amborum</em></strong></span> <span class='ocrx_word' id='word_1_32' title='bbox 850 774 1025 847; x_wconf 78' lang='lat' dir='ltr'><strong><em>nomine⁶</em></strong></span> <span class='ocrx_word' id='word_1_33' title='bbox 1047 795 1083 849; x_wconf 92' lang='lat' dir='ltr'><strong><em>et</em></strong></span> <span class='ocrx_word' id='word_1_34' title='bbox 1103 784 1231 853; x_wconf 84' lang='lat' dir='ltr'><strong><em>tn&#39;um-</em></strong></span> 
     </span>
     <span class='ocr_line' id='line_1_6' title="bbox 164 884 1230 985; baseline 0.005 -28"><span class='ocrx_word' id='word_1_35' title='bbox 164 888 241 985; x_wconf 91' lang='lat' dir='ltr'><strong><em>pho</em></strong></span> <span class='ocrx_word' id='word_1_36' title='bbox 261 888 407 984; x_wconf 87' lang='lat' dir='ltr'><strong><em>utrique</em></strong></span> <span class='ocrx_word' id='word_1_37' title='bbox 427 885 594 971; x_wconf 83' lang='lat' dir='ltr'><strong><em>decreto,</em></strong></span> <span class='ocrx_word' id='word_1_38' title='bbox 615 884 709 954; x_wconf 87' lang='lat' dir='ltr'><strong><em>inter</em></strong></span> <span class='ocrx_word' id='word_1_39' title='bbox 731 886 846 980; x_wconf 87' lang='lat' dir='ltr'><strong><em>ipsos,</em></strong></span> <span class='ocrx_word' id='word_1_40' title='bbox 868 911 934 973; x_wconf 71' lang='lat' dir='ltr'><strong><em>ne,</em></strong></span> <span class='ocrx_word' id='word_1_41' title='bbox 957 889 1230 984; x_wconf 63' lang='lat' dir='ltr'><strong><em>quumsshellum</em></strong></span> 
     </span>
     <span class='ocr_line' id='line_1_7' title="bbox 165 995 1229 1099; baseline 0.004 -31"><span class='ocrx_word' id='word_1_42' title='bbox 165 1000 353 1085; x_wconf 88' lang='lat' dir='ltr'><strong><em>communi</em></strong></span> <span class='ocrx_word' id='word_1_43' title='bbox 374 998 495 1066; x_wconf 87' lang='lat' dir='ltr'><strong><em>animo</em></strong></span> <span class='ocrx_word' id='word_1_44' title='bbox 518 995 726 1099; x_wconf 76' lang='lat' dir='ltr'><strong><em>gessissent,</em></strong></span> <span class='ocrx_word' id='word_1_45' title='bbox 752 995 980 1092; x_wconf 88' lang='lat' dir='ltr'><strong><em>triumphum</em></strong></span> <span class='ocrx_word' id='word_1_46' title='bbox 1001 1019 1229 1096; x_wconf 83' lang='lat' dir='ltr'><strong><em>separarent,</em></strong></span> 
     </span>
     <span class='ocr_line' id='line_1_8' title="bbox 165 1107 1230 1202; baseline 0.006 -26"><span class='ocrx_word' id='word_1_47' title='bbox 165 1109 214 1177; x_wconf 89' lang='lat' dir='ltr'><strong><em>ita</em></strong></span> <span class='ocrx_word' id='word_1_48' title='bbox 229 1107 419 1193; x_wconf 86' lang='lat' dir='ltr'><strong><em>convenit,</em></strong></span> <span class='ocrx_word' id='word_1_49' title='bbox 439 1119 494 1189; x_wconf 86' lang='lat' dir='ltr'><strong><em>ut,</em></strong></span> <span class='ocrx_word' id='word_1_50' title='bbox 514 1109 689 1200; x_wconf 86' lang='lat' dir='ltr'><strong><em>quoniam</em></strong></span> <span class='ocrx_word' id='word_1_51' title='bbox 708 1120 743 1174; x_wconf 90' lang='lat' dir='ltr'><strong><em>et</em></strong></span> <span class='ocrx_word' id='word_1_52' title='bbox 755 1110 793 1173; x_wconf 91' lang='lat' dir='ltr'><strong><em>in</em></strong></span> <span class='ocrx_word' id='word_1_53' title='bbox 802 1113 993 1202; x_wconf 79' lang='lat' dir='ltr'><strong><em>provincia</em></strong></span> <span class='ocrx_word' id='word_1_54' title='bbox 1007 1113 1060 1183; x_wconf 89' lang='lat' dir='ltr'><strong><em>M.</em></strong></span> <span class='ocrx_word' id='word_1_55' title='bbox 1071 1115 1163 1180; x_wconf 80' lang='lat' dir='ltr'><strong><em>Livii</em></strong></span> <span class='ocrx_word' id='word_1_56' title='bbox 1174 1118 1230 1183; x_wconf 88' lang='lat' dir='ltr'><strong><em>re&#39;s</em></strong></span> 
     </span>
     <span class='ocr_line' id='line_1_9' title="bbox 160 1215 1231 1313; baseline 0.004 -25"><span class='ocrx_word' id='word_1_57' title='bbox 160 1235 263 1312; x_wconf 81' lang='lat' dir='ltr'><strong><em>gesta</em></strong></span> <span class='ocrx_word' id='word_1_58' title='bbox 283 1232 389 1302; x_wconf 87' lang='lat' dir='ltr'><strong><em>esset,</em></strong></span> <span class='ocrx_word' id='word_1_59' title='bbox 414 1231 449 1284; x_wconf 89' lang='lat' dir='ltr'><strong><em>et</em></strong></span> <span class='ocrx_word' id='word_1_60' title='bbox 461 1239 503 1285; x_wconf 89' lang='lat' dir='ltr'><strong><em>eo</em></strong></span> <span class='ocrx_word' id='word_1_61' title='bbox 520 1215 593 1298; x_wconf 89' lang='lat' dir='ltr'><strong><em>die,</em></strong></span> <span class='ocrx_word' id='word_1_62' title='bbox 608 1239 682 1311; x_wconf 84' lang='lat' dir='ltr'><strong><em>quo</em></strong></span> <span class='ocrx_word' id='word_1_63' title='bbox 698 1220 1027 1312; x_wconf 72' lang='lat' dir='ltr'><strong><em>pugnatumfhret‚</em></strong></span> <span class='ocrx_word' id='word_1_64' title='bbox 1047 1222 1231 1313; x_wconf 73' lang='lat' dir='ltr'><strong><em>ejasforte</em></strong></span> 
     </span>
     <span class='ocr_line' id='line_1_10' title="bbox 164 1327 1230 1426; baseline 0.006 -29"><span class='ocrx_word' id='word_1_65' title='bbox 164 1333 367 1426; x_wconf 86' lang='lat' dir='ltr'><strong><em>auspicium</em></strong></span> <span class='ocrx_word' id='word_1_66' title='bbox 389 1328 527 1418; x_wconf 87' lang='lat' dir='ltr'><strong><em>fuisset</em></strong></span> <span class='ocrx_word' id='word_1_67' title='bbox 538 1336 563 1411; x_wconf 86' lang='lat'><strong><em>⁷,</em></strong></span> <span class='ocrx_word' id='word_1_68' title='bbox 597 1342 632 1394; x_wconf 90' lang='lat' dir='ltr'><strong><em>et</em></strong></span> <span class='ocrx_word' id='word_1_69' title='bbox 662 1332 838 1396; x_wconf 77' lang='lat' dir='ltr'><strong><em>exercitus</em></strong></span> <span class='ocrx_word' id='word_1_70' title='bbox 874 1327 1027 1399; x_wconf 79' lang='lat' dir='ltr'><strong><em>livianus</em></strong></span> <span class='ocrx_word' id='word_1_71' title='bbox 1057 1331 1230 1403; x_wconf 85' lang='lat' dir='ltr'><strong><em>deductus</em></strong></span> 
     </span>
     <span class='ocr_line' id='line_1_11' title="bbox 164 1436 1231 1536; baseline 0.006 -28"><span class='ocrx_word' id='word_1_72' title='bbox 164 1444 319 1508; x_wconf 81' lang='lat' dir='ltr'><em>Romam</em></span> <span class='ocrx_word' id='word_1_73' title='bbox 349 1443 522 1529; x_wconf 77' lang='lat' dir='ltr'><strong><em>uenisset,</em></strong></span> <span class='ocrx_word' id='word_1_74' title='bbox 551 1441 707 1508; x_wconf 84' lang='lat' dir='ltr'><strong><em>Neronis</em></strong></span> <span class='ocrx_word' id='word_1_75' title='bbox 732 1436 865 1506; x_wconf 89' lang='lat' dir='ltr'><strong><em>deduci</em></strong></span> <span class='ocrx_word' id='word_1_76' title='bbox 887 1463 960 1508; x_wconf 88' lang='lat' dir='ltr'><strong><em>aon</em></strong></span> <span class='ocrx_word' id='word_1_77' title='bbox 982 1448 1164 1536; x_wconf 79' lang='lat' dir='ltr'><strong><em>potuisset</em></strong></span> <span class='ocrx_word' id='word_1_78' title='bbox 1186 1444 1231 1514; x_wconf 91' lang='lat' dir='ltr'><strong><em>de</em></strong></span> 
     </span>
     <span class='ocr_line' id='line_1_12' title="bbox 155 1547 1230 1646; baseline 0.004 -29"><span class='ocrx_word' id='word_1_79' title='bbox 155 1554 364 1646; x_wconf 80' lang='lat' dir='ltr'><strong><em>provincia,</em></strong></span> <span class='ocrx_word' id='word_1_80' title='bbox 388 1563 429 1617; x_wconf 86' lang='lat' dir='ltr'><strong><em>ut</em></strong></span> <span class='ocrx_word' id='word_1_81' title='bbox 444 1552 492 1616; x_wconf 90' lang='lat' dir='ltr'><strong><em>M.</em></strong></span> <span class='ocrx_word' id='word_1_82' title='bbox 504 1551 644 1616; x_wconf 81' lang='lat' dir='ltr'><strong><em>Livium</em></strong></span> <span class='ocrx_word' id='word_1_83' title='bbox 653 1601 664 1632; x_wconf 90' lang='lat'>‚</span> <span class='ocrx_word' id='word_1_84' title='bbox 681 1547 868 1642; x_wconf 64' lang='lat' dir='ltr'><strong><em>quadrigis</em></strong></span> <span class='ocrx_word' id='word_1_85' title='bbox 883 1548 1014 1618; x_wconf 84' lang='lat' dir='ltr'><strong><em>Urbem</em></strong></span> <span class='ocrx_word' id='word_1_86' title='bbox 1031 1555 1230 1639; x_wconf 87' lang='lat' dir='ltr'><strong><em>ineuntem,</em></strong></span> 
     </span>
     <span class='ocr_line' id='line_1_13' title="bbox 163 1655 1230 1755; baseline 0.006 -29"><span class='ocrx_word' id='word_1_87' title='bbox 163 1656 291 1728; x_wconf 77' lang='lat' dir='ltr'><strong><em>milites</em></strong></span> <span class='ocrx_word' id='word_1_88' title='bbox 313 1672 562 1755; x_wconf 87' lang='lat' dir='ltr'><strong><em>sequerentur,</em></strong></span> <span class='ocrx_word' id='word_1_89' title='bbox 587 1659 622 1726; x_wconf 90' lang='lat' dir='ltr'><strong><em>C.</em></strong></span> <span class='ocrx_word' id='word_1_90' title='bbox 644 1655 816 1726; x_wconf 85' lang='lat' dir='ltr'><strong><em>Claudius</em></strong></span> <span class='ocrx_word' id='word_1_91' title='bbox 841 1681 934 1753; x_wconf 88' lang='lat' dir='ltr'><strong><em>equo</em></strong></span> <span class='ocrx_word' id='word_1_92' title='bbox 958 1663 1036 1728; x_wconf 89' lang='lat' dir='ltr'><strong><em>sine</em></strong></span> <span class='ocrx_word' id='word_1_93' title='bbox 1060 1661 1230 1740; x_wconf 82' lang='lat' dir='ltr'><strong><em>militibus</em></strong></span> 
     </span>
     <span class='ocr_line' id='line_1_14' title="bbox 163 1766 1268 1867; baseline 0.006 -31"><span class='ocrx_word' id='word_1_94' title='bbox 163 1768 396 1838; x_wconf 81' lang='lat' dir='ltr'><strong><em>inveberetur.</em></strong></span> <span class='ocrx_word' id='word_1_95' title='bbox 421 1773 475 1837; x_wconf 85' lang='lat' dir='ltr'><strong><em>Ita</em></strong></span> <span class='ocrx_word' id='word_1_96' title='bbox 500 1768 736 1839; x_wconf 86' lang='lat' dir='ltr'><strong><em>consociatus</em></strong></span> <span class='ocrx_word' id='word_1_97' title='bbox 753 1766 979 1865; x_wconf 85' lang='lat' dir='ltr'><strong><em>triumphus,</em></strong></span> <span class='ocrx_word' id='word_1_98' title='bbox 1005 1795 1120 1867; x_wconf 88' lang='lat' dir='ltr'><strong><em>quum</em></strong></span> <span class='ocrx_word' id='word_1_99' title='bbox 1138 1773 1230 1843; x_wconf 86' lang='lat' dir='ltr'><strong><em>utri-</em></strong></span> <span class='ocrx_word' id='word_1_100' title='bbox 1265 1772 1268 1777; x_wconf 74' lang='grc'>’</span> 
     </span>
     <span class='ocr_line' id='line_1_15' title="bbox 163 1869 1228 1975; baseline 0.007 -28"><span class='ocrx_word' id='word_1_101' title='bbox 163 1902 255 1974; x_wconf 88' lang='lat' dir='ltr'><strong><em>que,</em></strong></span> <span class='ocrx_word' id='word_1_102' title='bbox 281 1893 359 1947; x_wconf 88' lang='lat' dir='ltr'><strong><em>tum</em></strong></span> <span class='ocrx_word' id='word_1_103' title='bbox 378 1878 490 1975; x_wconf 87' lang='lat' dir='ltr'><strong><em>magis</em></strong></span> <span class='ocrx_word' id='word_1_104' title='bbox 511 1878 562 1960; x_wconf 85' lang='lat' dir='ltr'><strong><em>ei,</em></strong></span> <span class='ocrx_word' id='word_1_105' title='bbox 586 1877 667 1972; x_wconf 85' lang='lat' dir='ltr'><strong><em>qui,</em></strong></span> <span class='ocrx_word' id='word_1_106' title='bbox 689 1869 869 1973; x_wconf 81' lang='lat' dir='ltr'><strong><em>quantum</em></strong></span> <span class='ocrx_word' id='word_1_107' title='bbox 894 1870 1228 1971; x_wconf 81' lang='lat' dir='ltr'><strong><em>meritoanteibat,</em></strong></span> 
     </span>
     <span class='ocr_line' id='line_1_16' title="bbox 163 1982 1228 2084; baseline 0.008 -28"><span class='ocrx_word' id='word_1_108' title='bbox 163 1982 306 2057; x_wconf 83' lang='lat' dir='ltr'><strong><em>tanturn</em></strong></span> <span class='ocrx_word' id='word_1_109' title='bbox 318 1987 461 2058; x_wconf 86' lang='lat' dir='ltr'><strong><em>honore</em></strong></span> <span class='ocrx_word' id='word_1_110' title='bbox 475 1985 619 2084; x_wconf 85' lang='lat' dir='ltr'><strong><em>collegae</em></strong></span> <span class='ocrx_word' id='word_1_111' title='bbox 634 2001 809 2073; x_wconf 85' lang='lat' dir='ltr'><strong><em>cesserat,</em></strong></span> <span class='ocrx_word' id='word_1_112' title='bbox 825 1987 973 2084; x_wconf 83' lang='lat' dir='ltr'><strong><em>gloriam</em></strong></span> <span class='ocrx_word' id='word_1_113' title='bbox 989 1991 1088 2061; x_wconf 81' lang='lat' dir='ltr'><strong><em>auxit</em></strong></span> <span class='ocrx_word' id='word_1_114' title='bbox 1104 2018 1112 2058; x_wconf 91' lang='lat'><strong>:</strong></span> <span class='ocrx_word' id='word_1_115' title='bbox 1128 1993 1228 2064; x_wconf 89' lang='lat' dir='ltr'><strong><em>illum</em></strong></span> 
     </span>
     <span class='ocr_line' id='line_1_17' title="bbox 162 2096 1228 2195; baseline 0.008 -29"><span class='ocrx_word' id='word_1_116' title='bbox 162 2104 320 2195; x_wconf 76' lang='lat' dir='ltr'><strong><em>equitem</em></strong></span> <span class='ocrx_word' id='word_1_117' title='bbox 338 2097 482 2169; x_wconf 83' lang='lat' dir='ltr'><strong><em>aiebant</em></strong></span> <span class='ocrx_word' id='word_1_118' title='bbox 502 2122 569 2167; x_wconf 80' lang='lat' dir='ltr'><strong><em>sea</em></strong></span> <span class='ocrx_word' id='word_1_119' title='bbox 585 2096 724 2166; x_wconf 89' lang='lat' dir='ltr'><strong><em>dierum</em></strong></span> <span class='ocrx_word' id='word_1_120' title='bbox 745 2102 862 2194; x_wconf 83' lang='lat' dir='ltr'><strong><em>spatio</em></strong></span> <span class='ocrx_word' id='word_1_121' title='bbox 883 2100 1134 2172; x_wconf 71' lang='lat' dir='ltr'><strong><em>transcurrisse</em></strong></span> <span class='ocrx_word' id='word_1_122' title='bbox 1148 2103 1228 2175; x_wconf 88' lang='lat' dir='ltr'><strong><em>lon-</em></strong></span> 
     </span>
     <span class='ocr_line' id='line_1_18' title="bbox 158 2203 1228 2303; baseline 0.007 -26"><span class='ocrx_word' id='word_1_123' title='bbox 158 2209 363 2303; x_wconf 77' lang='lat' dir='ltr'><strong><em>gitudinem</em></strong></span> <span class='ocrx_word' id='word_1_124' title='bbox 376 2207 496 2279; x_wconf 75' lang='lat' dir='ltr'><strong><em>Italiae</em></strong></span> <span class='ocrx_word' id='word_1_125' title='bbox 506 2203 532 2293; x_wconf 76' lang='lat'><strong><em>⁸,</em></strong></span> <span class='ocrx_word' id='word_1_126' title='bbox 553 2223 590 2277; x_wconf 86' lang='lat' dir='ltr'><strong><em>et</em></strong></span> <span class='ocrx_word' id='word_1_127' title='bbox 609 2232 651 2276; x_wconf 88' lang='lat' dir='ltr'><strong><em>eo</em></strong></span> <span class='ocrx_word' id='word_1_128' title='bbox 670 2207 729 2277; x_wconf 89' lang='lat' dir='ltr'><strong><em>die</em></strong></span> <span class='ocrx_word' id='word_1_129' title='bbox 747 2231 830 2277; x_wconf 88' lang='lat' dir='ltr'><strong><em>cum</em></strong></span> <span class='ocrx_word' id='word_1_130' title='bbox 844 2206 1080 2280; x_wconf 80' lang='lat' dir='ltr'><strong><em>Hasdrubale</em></strong></span> <span class='ocrx_word' id='word_1_131' title='bbox 1093 2217 1131 2281; x_wconf 91' lang='lat' dir='ltr'><strong><em>in</em></strong></span> <span class='ocrx_word' id='word_1_132' title='bbox 1144 2215 1228 2284; x_wconf 89' lang='lat' dir='ltr'><strong><em>Gal·</em></strong></span> 
     </span>
     <span class='ocr_line' id='line_1_19' title="bbox 162 2318 1229 2416; baseline 0.006 -27"><span class='ocrx_word' id='word_1_133' title='bbox 162 2319 213 2389; x_wconf 90' lang='lat' dir='ltr'><strong><em>lia</em></strong></span> <span class='ocrx_word' id='word_1_134' title='bbox 227 2325 337 2415; x_wconf 61' lang='lat' dir='ltr'><strong><em>signu</em></strong></span> <span class='ocrx_word' id='word_1_135' title='bbox 354 2318 493 2389; x_wconf 89' lang='lat' dir='ltr'><strong><em>collatis</em></strong></span> <span class='ocrx_word' id='word_1_136' title='bbox 501 2342 690 2416; x_wconf 80' lang='lat' dir='ltr'><strong><em>pugnasse</em></strong></span> <span class='ocrx_word' id='word_1_137' title='bbox 698 2372 709 2404; x_wconf 90' lang='lat'>,</span> <span class='ocrx_word' id='word_1_138' title='bbox 730 2342 804 2415; x_wconf 83' lang='lat' dir='ltr'><strong><em>quo</em></strong></span> <span class='ocrx_word' id='word_1_139' title='bbox 821 2343 903 2387; x_wconf 90' lang='lat' dir='ltr'><strong><em>eum</em></strong></span> <span class='ocrx_word' id='word_1_140' title='bbox 922 2335 1042 2390; x_wconf 88' lang='lat' dir='ltr'><strong><em>castra</em></strong></span> <span class='ocrx_word' id='word_1_141' title='bbox 1059 2323 1229 2395; x_wconf 80' lang='lat' dir='ltr'><strong><em>adversus</em></strong></span> 
     </span>
     <span class='ocr_line' id='line_1_20' title="bbox 159 2428 1228 2528; baseline 0.006 -29"><span class='ocrx_word' id='word_1_142' title='bbox 159 2455 238 2500; x_wconf 88' lang='lat' dir='ltr'><strong><em>sese</em></strong></span> <span class='ocrx_word' id='word_1_143' title='bbox 262 2437 299 2500; x_wconf 92' lang='lat' dir='ltr'><strong><em>in</em></strong></span> <span class='ocrx_word' id='word_1_144' title='bbox 324 2430 465 2528; x_wconf 85' lang='lat' dir='ltr'><strong><em>Apulia</em></strong></span> <span class='ocrx_word' id='word_1_145' title='bbox 482 2435 608 2527; x_wconf 84' lang='lat' dir='ltr'><strong><em>posita</em></strong></span> <span class='ocrx_word' id='word_1_146' title='bbox 633 2428 769 2523; x_wconf 78' lang='lat' dir='ltr'><strong><em>babere</em></strong></span> <span class='ocrx_word' id='word_1_147' title='bbox 796 2430 992 2500; x_wconf 91' lang='lat' dir='ltr'><strong><em>Hannibal</em></strong></span> <span class='ocrx_word' id='word_1_148' title='bbox 1013 2433 1228 2506; x_wconf 74' lang='lat' dir='ltr'><strong><em>credidisset.</em></strong></span> 
     </span>
     <span class='ocr_line' id='line_1_21' title="bbox 161 2540 1228 2637; baseline 0.007 -30"><span class='ocrx_word' id='word_1_149' title='bbox 161 2545 220 2609; x_wconf 88' lang='lat' dir='ltr'><strong><em>Ita</em></strong></span> <span class='ocrx_word' id='word_1_150' title='bbox 234 2548 347 2611; x_wconf 87' lang='lat' dir='ltr'><strong><em>unum</em></strong></span> <span class='ocrx_word' id='word_1_151' title='bbox 359 2541 541 2612; x_wconf 87' lang='lat' dir='ltr'><strong><em>consulem</em></strong></span> <span class='ocrx_word' id='word_1_152' title='bbox 549 2565 623 2637; x_wconf 86' lang='lat' dir='ltr'><strong><em>pro</em></strong></span> <span class='ocrx_word' id='word_1_153' title='bbox 640 2556 794 2636; x_wconf 86' lang='lat' dir='ltr'><strong><em>utraque</em></strong></span> <span class='ocrx_word' id='word_1_154' title='bbox 804 2556 913 2635; x_wconf 78' lang='lat' dir='ltr'><strong><em>parte</em></strong></span> <span class='ocrx_word' id='word_1_155' title='bbox 925 2540 1045 2611; x_wconf 85' lang='lat' dir='ltr'><strong><em>Italioe</em></strong></span> <span class='ocrx_word' id='word_1_156' title='bbox 1058 2544 1228 2615; x_wconf 80' lang='lat' dir='ltr'><strong><em>adversus</em></strong></span> 
     </span>
     <span class='ocr_line' id='line_1_22' title="bbox 161 2648 1225 2746; baseline 0.008 -31"><span class='ocrx_word' id='word_1_157' title='bbox 161 2649 253 2718; x_wconf 89' lang='lat' dir='ltr'><strong><em>duas</em></strong></span> <span class='ocrx_word' id='word_1_158' title='bbox 270 2651 395 2736; x_wconf 90' lang='lat' dir='ltr'><strong><em>duces,</em></strong></span> <span class='ocrx_word' id='word_1_159' title='bbox 412 2652 504 2720; x_wconf 85' lang='lat' dir='ltr'><strong><em>duas</em></strong></span> <span class='ocrx_word' id='word_1_160' title='bbox 521 2657 786 2746; x_wconf 60' lang='lat' dir='ltr'><strong><em>imperatorem,</em></strong></span> <span class='ocrx_word' id='word_1_161' title='bbox 805 2648 890 2718; x_wconf 82' lang='lat' dir='ltr'><strong><em>binc</em></strong></span> <span class='ocrx_word' id='word_1_162' title='bbox 903 2649 1092 2719; x_wconf 86' lang='lat' dir='ltr'><strong><em>consilium</em></strong></span> <span class='ocrx_word' id='word_1_163' title='bbox 1104 2678 1225 2739; x_wconf 88' lang='lat' dir='ltr'><strong><em>suum,</em></strong></span> 
     </span>
     <span class='ocr_line' id='line_1_23' title="bbox 161 2756 1229 2855; baseline 0.007 -31"><span class='ocrx_word' id='word_1_164' title='bbox 161 2756 246 2825; x_wconf 87' lang='lat' dir='ltr'><strong><em>lu&#39;nc</em></strong></span> <span class='ocrx_word' id='word_1_165' title='bbox 267 2782 396 2854; x_wconf 67' lang='lat' dir='ltr'><strong><em>conius</em></strong></span> <span class='ocrx_word' id='word_1_166' title='bbox 423 2766 641 2855; x_wconf 77' lang='lat' dir='ltr'><strong><em>opposuisse.</em></strong></span> <span class='ocrx_word' id='word_1_167' title='bbox 664 2763 810 2828; x_wconf 84' lang='lat' dir='ltr'><strong><em>Nomen</em></strong></span> <span class='ocrx_word' id='word_1_168' title='bbox 832 2762 988 2829; x_wconf 84' lang='lat' dir='ltr'><strong><em>Neronis</em></strong></span> <span class='ocrx_word' id='word_1_169' title='bbox 1008 2766 1096 2829; x_wconf 88' lang='lat' dir='ltr'><strong><em>satis</em></strong></span> <span class='ocrx_word' id='word_1_170' title='bbox 1106 2764 1229 2850; x_wconf 78' lang='lat' dir='ltr'><strong><em>fuisse</em></strong></span> 
     </span>
     <span class='ocr_line' id='line_1_24' title="bbox 160 2863 1224 2938; baseline 0.004 -3"><span class='ocrx_word' id='word_1_171' title='bbox 160 2866 215 2935; x_wconf 91' lang='lat' dir='ltr'><strong><em>ad</em></strong></span> <span class='ocrx_word' id='word_1_172' title='bbox 234 2868 490 2936; x_wconf 86' lang='lat' dir='ltr'><strong><em>continendum</em></strong></span> <span class='ocrx_word' id='word_1_173' title='bbox 514 2873 637 2936; x_wconf 88' lang='lat' dir='ltr'><strong><em>castris</em></strong></span> <span class='ocrx_word' id='word_1_174' title='bbox 657 2863 933 2934; x_wconf 89' lang='lat' dir='ltr'><strong><em>Hannibalem:</em></strong></span> <span class='ocrx_word' id='word_1_175' title='bbox 954 2866 1224 2938; x_wconf 87' lang='lat' dir='ltr'><strong><em>Hasdrubalem</em></strong></span> 
     </span>
     <span class='ocr_line' id='line_1_25' title="bbox 161 2975 1226 3075; baseline 0.003 -30"><span class='ocrx_word' id='word_1_176' title='bbox 161 3000 266 3061; x_wconf 82' lang='lat' dir='ltr'><strong><em>uera,</em></strong></span> <span class='ocrx_word' id='word_1_177' title='bbox 282 3001 356 3072; x_wconf 87' lang='lat' dir='ltr'><strong><em>qua</em></strong></span> <span class='ocrx_word' id='word_1_178' title='bbox 370 2975 513 3062; x_wconf 88' lang='lat' dir='ltr'><strong><em>aliare,</em></strong></span> <span class='ocrx_word' id='word_1_179' title='bbox 529 2999 641 3072; x_wconf 89' lang='lat' dir='ltr'><strong><em>quam</em></strong></span> <span class='ocrx_word' id='word_1_180' title='bbox 657 2975 812 3043; x_wconf 82' lang='lat' dir='ltr'><strong><em>adventu</em></strong></span> <span class='ocrx_word' id='word_1_181' title='bbox 826 2976 918 3070; x_wconf 86' lang='lat' dir='ltr'><strong><em>ejus,</em></strong></span> <span class='ocrx_word' id='word_1_182' title='bbox 934 2975 1102 3046; x_wconf 89' lang='lat' dir='ltr'><strong><em>obrutum</em></strong></span> <span class='ocrx_word' id='word_1_183' title='bbox 1116 2994 1226 3075; x_wconf 89' lang='lat' dir='ltr'><strong><em>atque</em></strong></span> 
     </span>
    </p>
   </div>
   <div class='ocr_carea' id='block_1_2' title="bbox 152 3198 1224 3740">
    <p class='ocr_par' dir='ltr' id='par_1_2' title="bbox 152 3198 1224 3580">
     <span class='ocr_line' id='line_1_26' title="bbox 160 3198 1224 3270; baseline 0.004 -22"><span class='ocrx_word' id='word_1_184' title='bbox 160 3202 309 3266; x_wconf 83' lang='lat' dir='ltr'><strong><em>triumphum</em></strong></span> <span class='ocrx_word' id='word_1_185' title='bbox 317 3200 443 3266; x_wconf 82' lang='lat' dir='ltr'><strong><em>postulant</em></strong></span> <span class='ocrx_word' id='word_1_186' title='bbox 450 3216 496 3264; x_wconf 86' lang='lat' dir='ltr'><strong><em>pro</em></strong></span> <span class='ocrx_word' id='word_1_187' title='bbox 503 3200 670 3248; x_wconf 74' lang='lat' dir='ltr'><strong><em>administrata</em></strong></span> <span class='ocrx_word' id='word_1_188' title='bbox 752 3216 775 3258; x_wconf 88' lang='lat'><strong><em>7.</em></strong></span> <span class='ocrx_word' id='word_1_189' title='bbox 782 3200 842 3264; x_wconf 86' lang='lat' dir='ltr'><strong><em>Ejus</em></strong></span> <span class='ocrx_word' id='word_1_190' title='bbox 844 3198 914 3264; x_wconf 83' lang='lat' dir='ltr'><strong><em>sorte</em></strong></span> <span class='ocrx_word' id='word_1_191' title='bbox 923 3199 1058 3270; x_wconf 78' lang='lat' dir='ltr'><strong><em>auspicium</em></strong></span> <span class='ocrx_word' id='word_1_192' title='bbox 1058 3200 1150 3265; x_wconf 66' lang='lat' dir='ltr'><strong><em>ficisset</em></strong></span> <span class='ocrx_word' id='word_1_193' title='bbox 1154 3220 1164 3258; x_wconf 89' lang='lat'><strong><em>,·</em></strong></span> <span class='ocrx_word' id='word_1_194' title='bbox 1173 3203 1224 3253; x_wconf 80' lang='lat' dir='ltr'>vid,</span> 
     </span>
     <span class='ocr_line' id='line_1_27' title="bbox 153 3278 1224 3346; baseline 0.001 -19"><span class='ocrx_word' id='word_1_195' title='bbox 153 3280 256 3344; x_wconf 77' lang='lat' dir='ltr'><strong><em>firmiter</em></strong></span> <span class='ocrx_word' id='word_1_196' title='bbox 266 3280 423 3346; x_wconf 79' lang='lat' dir='ltr'><strong><em>feliciterque</em></strong></span> <span class='ocrx_word' id='word_1_197' title='bbox 439 3280 564 3344; x_wconf 81' lang='lat' dir='ltr'><strong><em>republica</em></strong></span> <span class='ocrx_word' id='word_1_198' title='bbox 575 3296 582 3337; x_wconf 91' lang='lat'>;</span> <span class='ocrx_word' id='word_1_199' title='bbox 601 3290 627 3326; x_wconf 80' lang='lat' dir='ltr'><strong><em>ut</em></strong></span> <span class='ocrx_word' id='word_1_200' title='bbox 644 3279 670 3324; x_wconf 88' lang='lat' dir='ltr'><strong><em>in</em></strong></span> <span class='ocrx_word' id='word_1_201' title='bbox 715 3281 751 3334; x_wconf 86' lang='lat'><strong><em>11,</em></strong></span> <span class='ocrx_word' id='word_1_202' title='bbox 768 3295 789 3338; x_wconf 85' lang='lat'><strong><em>1,</em></strong></span> <span class='ocrx_word' id='word_1_203' title='bbox 804 3295 829 3326; x_wconf 90' lang='lat' dir='ltr'><strong><em>n.</em></strong></span> <span class='ocrx_word' id='word_1_204' title='bbox 842 3295 881 3327; x_wconf 80' lang='lat'><strong><em>11.</em></strong></span> <span class='ocrx_word' id='word_1_205' title='bbox 896 3307 930 3316; x_wconf 91' lang='lat'><strong><em>--</em></strong></span> <span class='ocrx_word' id='word_1_206' title='bbox 942 3281 976 3327; x_wconf 82' lang='lat' dir='ltr'><strong><em>Et</em></strong></span> <span class='ocrx_word' id='word_1_207' title='bbox 988 3280 1108 3328; x_wconf 79' lang='lat' dir='ltr'><strong><em>exereitus</em></strong></span> <span class='ocrx_word' id='word_1_208' title='bbox 1120 3278 1224 3329; x_wconf 80' lang='lat' dir='ltr'><strong><em>livianus</em></strong></span> 
     </span>
     <span class='ocr_line' id='line_1_28' title="bbox 160 3356 1224 3424; baseline 0.002 -18"><span class='ocrx_word' id='word_1_209' title='bbox 160 3357 210 3407; x_wconf 81' lang='lat' dir='ltr'><strong><em>line</em></strong></span> <span class='ocrx_word' id='word_1_210' title='bbox 221 3360 293 3420; x_wconf 82' lang='lat' dir='ltr'><strong><em>hujus</em></strong></span> <span class='ocrx_word' id='word_1_211' title='bbox 303 3360 390 3424; x_wconf 84' lang='lat' dir='ltr'><strong><em>capitis</em></strong></span> <span class='ocrx_word' id='word_1_212' title='bbox 398 3369 589 3408; x_wconf 80' lang='lat' dir='ltr'><strong><em>commemorant</em></strong></span> <span class='ocrx_word' id='word_1_213' title='bbox 598 3373 670 3420; x_wconf 83' lang='lat' dir='ltr'><strong><em>quam</em></strong></span> <span class='ocrx_word' id='word_1_214' title='bbox 714 3356 830 3406; x_wconf 82' lang='lat' dir='ltr'><strong><em>deductus</em></strong></span> <span class='ocrx_word' id='word_1_215' title='bbox 847 3357 877 3406; x_wconf 82' lang='lat' dir='ltr'><strong><em>de</em></strong></span> <span class='ocrx_word' id='word_1_216' title='bbox 890 3358 1017 3422; x_wconf 74' lang='lat' dir='ltr'><strong><em>provincia</em></strong></span> <span class='ocrx_word' id='word_1_217' title='bbox 1031 3360 1133 3406; x_wconf 78' lang='lat' dir='ltr'><strong><em>Romam</em></strong></span> <span class='ocrx_word' id='word_1_218' title='bbox 1145 3361 1224 3408; x_wconf 71' lang='lat' dir='ltr'><strong><em>vents-</em></strong></span> 
     </span>
     <span class='ocr_line' id='line_1_29' title="bbox 152 3435 1223 3504; baseline 0.003 -20"><span class='ocrx_word' id='word_1_219' title='bbox 152 3437 219 3501; x_wconf 80' lang='lat' dir='ltr'><strong><em>firrti</em></strong></span> <span class='ocrx_word' id='word_1_220' title='bbox 216 3438 338 3504; x_wconf 86' lang='lat' dir='ltr'><strong><em>fidelique</em></strong></span> <span class='ocrx_word' id='word_1_221' title='bbox 346 3439 589 3502; x_wconf 80' lang='lat' dir='ltr'><strong><em>duorumlegatorum</em></strong></span> <span class='ocrx_word' id='word_1_222' title='bbox 597 3452 671 3500; x_wconf 78' lang='lat' dir='ltr'><strong><em>opera</em></strong></span> <span class='ocrx_word' id='word_1_223' title='bbox 696 3435 762 3494; x_wconf 83' lang='lat' dir='ltr'><strong><em>&#39;set,</em></strong></span> <span class='ocrx_word' id='word_1_224' title='bbox 779 3438 883 3485; x_wconf 85' lang='lat' dir='ltr'><strong><em>Neronis</em></strong></span> <span class='ocrx_word' id='word_1_225' title='bbox 895 3436 984 3484; x_wconf 79' lang='lat' dir='ltr'><strong><em>deduci</em></strong></span> <span class='ocrx_word' id='word_1_226' title='bbox 998 3453 1047 3484; x_wconf 86' lang='lat' dir='ltr'><strong><em>non</em></strong></span> <span class='ocrx_word' id='word_1_227' title='bbox 1058 3437 1178 3500; x_wconf 80' lang='lat' dir='ltr'><strong><em>potuisset</em></strong></span> <span class='ocrx_word' id='word_1_228' title='bbox 1192 3440 1223 3487; x_wconf 80' lang='lat' dir='ltr'><strong><em>de</em></strong></span> 
     </span>
     <span class='ocr_line' id='line_1_30' title="bbox 160 3515 1222 3580; baseline 0.001 -17"><span class='ocrx_word' id='word_1_229' title='bbox 160 3517 198 3563; x_wconf 84' lang='lat' dir='ltr'><strong><em>usi</em></strong></span> <span class='ocrx_word' id='word_1_230' title='bbox 212 3517 270 3564; x_wconf 81' lang='lat' dir='ltr'><strong><em>sint.</em></strong></span> <span class='ocrx_word' id='word_1_231' title='bbox 281 3519 326 3564; x_wconf 87' lang='lat' dir='ltr'><strong><em>En.</em></strong></span> <span class='ocrx_word' id='word_1_232' title='bbox 712 3516 853 3580; x_wconf 80' lang='lat' dir='ltr'><strong><em>provincia,</em></strong></span> <span class='ocrx_word' id='word_1_233' title='bbox 872 3528 919 3564; x_wconf 84' lang='lat' dir='ltr'><strong><em>ete.</em></strong></span> <span class='ocrx_word' id='word_1_234' title='bbox 936 3515 1006 3562; x_wconf 75' lang='lat' dir='ltr'><strong><em>tettIa</em></strong></span> <span class='ocrx_word' id='word_1_235' title='bbox 1022 3532 1105 3575; x_wconf 67' lang='lat' dir='ltr'><strong><em>caum</em></strong></span> <span class='ocrx_word' id='word_1_236' title='bbox 1128 3517 1159 3564; x_wconf 80' lang='lat' dir='ltr'><strong><em>de</em></strong></span> <span class='ocrx_word' id='word_1_237' title='bbox 1174 3533 1222 3580; x_wconf 70' lang='lat' dir='ltr'><strong><em>qua</em></strong></span> 
     </span>
    </p>

    <p class='ocr_par' dir='ltr' id='par_1_3' title="bbox 158 3593 1222 3740">
     <span class='ocr_line' id='line_1_31' title="bbox 195 3593 1222 3661; baseline 0.001 -18"><span class='ocrx_word' id='word_1_238' title='bbox 195 3597 219 3643; x_wconf 87' lang='lat'><strong><em>6.</em></strong></span> <span class='ocrx_word' id='word_1_239' title='bbox 237 3596 417 3661; x_wconf 84' lang='lat' dir='ltr'><strong><em>Supplicatione</em></strong></span> <span class='ocrx_word' id='word_1_240' title='bbox 431 3597 557 3644; x_wconf 86' lang='lat' dir='ltr'><strong><em>amborum</em></strong></span> <span class='ocrx_word' id='word_1_241' title='bbox 570 3593 667 3641; x_wconf 86' lang='lat' dir='ltr'><strong><em>nomine</em></strong></span> <span class='ocrx_word' id='word_1_242' title='bbox 711 3596 768 3643; x_wconf 80' lang='lat' dir='ltr'><strong><em>vide</em></strong></span> <span class='ocrx_word' id='word_1_243' title='bbox 785 3595 817 3642; x_wconf 85' lang='lat' dir='ltr'><strong><em>ad</em></strong></span> <span class='ocrx_word' id='word_1_244' title='bbox 833 3596 937 3651; x_wconf 79' lang='lat' dir='ltr'>XXVI,</span> <span class='ocrx_word' id='word_1_245' title='bbox 956 3610 985 3640; x_wconf 71' lang='lat' dir='ltr'><strong><em>aa</em></strong></span> <span class='ocrx_word' id='word_1_246' title='bbox 998 3629 1005 3646; x_wconf 84' lang='lat'>,</span> <span class='ocrx_word' id='word_1_247' title='bbox 1020 3610 1045 3641; x_wconf 71' lang='lat' dir='ltr'><strong><em>n·</em></strong></span> <span class='ocrx_word' id='word_1_248' title='bbox 1060 3607 1111 3657; x_wconf 59' lang='grc' dir='ltr'><strong><em>ιρι</em></strong></span> <span class='ocrx_word' id='word_1_249' title='bbox 1129 3611 1154 3642; x_wconf 81' lang='lat' dir='ltr'><strong><em>a.</em></strong></span> <span class='ocrx_word' id='word_1_250' title='bbox 1170 3597 1222 3644; x_wconf 81' lang='lat' dir='ltr'><strong><em>Du·</em></strong></span> 
     </span>
     <span class='ocr_line' id='line_1_32' title="bbox 158 3671 1222 3740; baseline 0.002 -20"><span class='ocrx_word' id='word_1_251' title='bbox 158 3674 268 3730; x_wconf 82' lang='lat' dir='ltr'><strong><em>decreta,</em></strong></span> <span class='ocrx_word' id='word_1_252' title='bbox 281 3675 393 3737; x_wconf 73' lang='lat' dir='ltr'><strong><em>quaejam</em></strong></span> <span class='ocrx_word' id='word_1_253' title='bbox 404 3686 471 3731; x_wconf 81' lang='lat' dir='ltr'><strong><em>ante,</em></strong></span> <span class='ocrx_word' id='word_1_254' title='bbox 486 3674 560 3722; x_wconf 81' lang='lat' dir='ltr'><strong><em>allato</em></strong></span> <span class='ocrx_word' id='word_1_255' title='bbox 574 3689 588 3720; x_wconf 82' lang='lat' dir='ltr'><strong><em>a</em></strong></span> <span class='ocrx_word' id='word_1_256' title='bbox 601 3673 666 3736; x_wconf 82' lang='lat' dir='ltr'><strong><em>lega·</em></strong></span> <span class='ocrx_word' id='word_1_257' title='bbox 710 3675 815 3740; x_wconf 73' lang='lat' dir='ltr'><strong><em>plicatur</em></strong></span> <span class='ocrx_word' id='word_1_258' title='bbox 823 3673 848 3722; x_wconf 87' lang='lat' dir='ltr'><strong><em>h.</em></strong></span> <span class='ocrx_word' id='word_1_259' title='bbox 859 3674 877 3722; x_wconf 89' lang='lat' dir='ltr'><strong><em>l.</em></strong></span> <span class='ocrx_word' id='word_1_260' title='bbox 890 3685 930 3727; x_wconf 69' lang='grc' dir='ltr'><strong><em>ηις</em></strong></span> <span class='ocrx_word' id='word_1_261' title='bbox 940 3671 970 3719; x_wconf 82' lang='lat' dir='ltr'><strong><em>de</em></strong></span> <span class='ocrx_word' id='word_1_262' title='bbox 981 3688 1031 3736; x_wconf 91' lang='lat' dir='ltr'><strong><em>quo</em></strong></span> <span class='ocrx_word' id='word_1_263' title='bbox 1040 3672 1098 3720; x_wconf 82' lang='lat' dir='ltr'><strong><em>vide</em></strong></span> <span class='ocrx_word' id='word_1_264' title='bbox 1106 3691 1178 3738; x_wconf 79' lang='lat' dir='ltr'><strong><em>supra</em></strong></span> <span class='ocrx_word' id='word_1_265' title='bbox 1191 3676 1222 3722; x_wconf 84' lang='lat' dir='ltr'><strong><em>ad</em></strong></span> 
     </span>
    </p>
   </div>
   <div class='ocr_carea' id='block_1_3' title="bbox 157 3830 1223 4134">
    <p class='ocr_par' dir='ltr' id='par_1_4' title="bbox 157 3830 1220 4053">
     <span class='ocr_line' id='line_1_33' title="bbox 158 3830 1220 3899; baseline 0.005 -21"><span class='ocrx_word' id='word_1_266' title='bbox 158 3843 223 3878; x_wconf 74' lang='lat' dir='ltr'><strong><em>creta</em></strong></span> <span class='ocrx_word' id='word_1_267' title='bbox 233 3843 257 3879; x_wconf 83' lang='lat' dir='ltr'><strong><em>ct</em></strong></span> <span class='ocrx_word' id='word_1_268' title='bbox 267 3832 388 3881; x_wconf 83' lang='lat' dir='ltr'><strong><em>celebrata</em></strong></span> <span class='ocrx_word' id='word_1_269' title='bbox 395 3835 473 3882; x_wconf 81' lang='lat' dir='ltr'><strong><em>fuerat</em></strong></span> <span class='ocrx_word' id='word_1_270' title='bbox 483 3831 664 3899; x_wconf 63' lang='lat' dir='ltr'><strong><em>(vinxxvn,</em></strong></span> <span class='ocrx_word' id='word_1_271' title='bbox 747 3835 771 3880; x_wconf 87' lang='lat'><strong><em>8.</em></strong></span> <span class='ocrx_word' id='word_1_272' title='bbox 782 3833 856 3879; x_wconf 84' lang='lat' dir='ltr'><strong><em>Illum</em></strong></span> <span class='ocrx_word' id='word_1_273' title='bbox 869 3830 973 3894; x_wconf 85' lang='lat' dir='ltr'><strong><em>equitem</em></strong></span> <span class='ocrx_word' id='word_1_274' title='bbox 985 3833 1154 3881; x_wconf 79' lang='lat' dir='ltr'><strong><em>transcurrisse</em></strong></span> <span class='ocrx_word' id='word_1_275' title='bbox 1167 3835 1220 3883; x_wconf 83' lang='lat' dir='ltr'><strong><em>Ion·</em></strong></span> 
     </span>
     <span class='ocr_line' id='line_1_34' title="bbox 159 3908 1220 3977; baseline 0.008 -22"><span class='ocrx_word' id='word_1_276' title='bbox 159 3908 204 3974; x_wconf 83' lang='lat'><strong><em>51)</em></strong></span> <span class='ocrx_word' id='word_1_277' title='bbox 218 3923 224 3956; x_wconf 77' lang='grc' dir='ltr'><em>τ</em></span> <span class='ocrx_word' id='word_1_278' title='bbox 239 3911 306 3970; x_wconf 87' lang='lat' dir='ltr'><strong><em>quod</em></strong></span> <span class='ocrx_word' id='word_1_279' title='bbox 323 3928 379 3958; x_wconf 79' lang='lat' dir='ltr'><strong><em>raro</em></strong></span> <span class='ocrx_word' id='word_1_280' title='bbox 398 3912 494 3961; x_wconf 83' lang='lat' dir='ltr'><strong><em>videtur</em></strong></span> <span class='ocrx_word' id='word_1_281' title='bbox 508 3913 546 3960; x_wconf 87' lang='lat' dir='ltr'><strong><em>bis</em></strong></span> <span class='ocrx_word' id='word_1_282' title='bbox 561 3912 665 3969; x_wconf 70' lang='lat' dir='ltr'><strong><em>factum</em></strong></span> <span class='ocrx_word' id='word_1_283' title='bbox 707 3912 842 3977; x_wconf 75' lang='lat' dir='ltr'><strong><em>gitudmem</em></strong></span> <span class='ocrx_word' id='word_1_284' title='bbox 855 3910 952 3966; x_wconf 78' lang='lat' dir='ltr'><strong><em>Italia,</em></strong></span> <span class='ocrx_word' id='word_1_285' title='bbox 965 3910 991 3957; x_wconf 91' lang='lat' dir='ltr'><strong><em>h.</em></strong></span> <span class='ocrx_word' id='word_1_286' title='bbox 1001 3926 1023 3958; x_wconf 82' lang='lat' dir='ltr'><strong><em>e.</em></strong></span> <span class='ocrx_word' id='word_1_287' title='bbox 1038 3920 1114 3974; x_wconf 79' lang='lat' dir='ltr'><strong><em>equo,</em></strong></span> <span class='ocrx_word' id='word_1_288' title='bbox 1124 3925 1152 3962; x_wconf 88' lang='lat' dir='ltr'><strong><em>ut</em></strong></span> <span class='ocrx_word' id='word_1_289' title='bbox 1160 3931 1220 3965; x_wconf 80' lang='lat' dir='ltr'><strong><em>mox</em></strong></span> 
     </span>
     <span class='ocr_line' id='line_1_35' title="bbox 157 3989 1176 4053; baseline 0.002 -17"><span class='ocrx_word' id='word_1_290' title='bbox 157 3989 223 4036; x_wconf 78' lang='lat' dir='ltr'><strong><em>nuk.</em></strong></span> <span class='ocrx_word' id='word_1_291' title='bbox 240 4014 274 4022; x_wconf 89' lang='lat'>-</span> <span class='ocrx_word' id='word_1_292' title='bbox 292 3989 322 4034; x_wconf 86' lang='lat' dir='ltr'><strong><em>In</em></strong></span> <span class='ocrx_word' id='word_1_293' title='bbox 331 3992 458 4052; x_wconf 82' lang='lat' dir='ltr'><strong><em>provincia</em></strong></span> <span class='ocrx_word' id='word_1_294' title='bbox 475 3994 512 4039; x_wconf 87' lang='lat' dir='ltr'><strong><em>M.</em></strong></span> <span class='ocrx_word' id='word_1_295' title='bbox 521 3991 596 4048; x_wconf 59' lang='lat' dir='ltr'><strong><em>tivit·</em></strong></span> <span class='ocrx_word' id='word_1_296' title='bbox 610 3991 666 4037; x_wconf 81' lang='lat' dir='ltr'><strong><em>vide</em></strong></span> <span class='ocrx_word' id='word_1_297' title='bbox 711 3989 806 4039; x_wconf 82' lang='lat' dir='ltr'><strong><em>etiamsi</em></strong></span> <span class='ocrx_word' id='word_1_298' title='bbox 812 3989 888 4053; x_wconf 83' lang='lat' dir='ltr'><strong><em>pedes</em></strong></span> <span class='ocrx_word' id='word_1_299' title='bbox 901 3989 997 4036; x_wconf 84' lang='lat' dir='ltr'><strong><em>incedat</em></strong></span> <span class='ocrx_word' id='word_1_300' title='bbox 1009 4005 1056 4052; x_wconf 82' lang='lat' dir='ltr'><strong><em>pro</em></strong></span> <span class='ocrx_word' id='word_1_301' title='bbox 1064 3991 1176 4053; x_wconf 77' lang='lat' dir='ltr'><strong><em>pedibus.</em></strong></span> 
     </span>
    </p>

    <p class='ocr_par' dir='ltr' id='par_1_5' title="bbox 157 4066 1223 4134">
     <span class='ocr_line' id='line_1_36' title="bbox 157 4066 1223 4134; baseline 0.004 -20"><span class='ocrx_word' id='word_1_302' title='bbox 157 4066 190 4114; x_wconf 84' lang='lat' dir='ltr'><strong><em>ad</em></strong></span> <span class='ocrx_word' id='word_1_303' title='bbox 203 4070 243 4125; x_wconf 90' lang='lat'><strong><em>11,</em></strong></span> <span class='ocrx_word' id='word_1_304' title='bbox 258 4075 307 4124; x_wconf 75' lang='lat'><strong><em>40,</em></strong></span> <span class='ocrx_word' id='word_1_305' title='bbox 321 4084 346 4114; x_wconf 88' lang='lat' dir='ltr'><strong><em>n.</em></strong></span> <span class='ocrx_word' id='word_1_306' title='bbox 357 4084 383 4128; x_wconf 82' lang='lat'><strong><em>9.</em></strong></span> <span class='ocrx_word' id='word_1_307' title='bbox 746 4087 770 4134; x_wconf 85' lang='lat'><strong><em>9.</em></strong></span> <span class='ocrx_word' id='word_1_308' title='bbox 790 4072 856 4116; x_wconf 75' lang='lat' dir='ltr'><strong><em>Diras</em></strong></span> <span class='ocrx_word' id='word_1_309' title='bbox 870 4069 955 4125; x_wconf 70' lang='lat' dir='ltr'><strong><em>disces,</em></strong></span> <span class='ocrx_word' id='word_1_310' title='bbox 973 4067 1035 4114; x_wconf 77' lang='lat' dir='ltr'><strong><em>decos</em></strong></span> <span class='ocrx_word' id='word_1_311' title='bbox 1047 4068 1223 4133; x_wconf 70' lang='lat' dir='ltr'><strong><em>impermotus</em></strong></span> 
     </span>
    </p>
   </div>
   <div class='ocr_carea' id='block_1_4' title="bbox 259 4151 1050 4225">
    <p class='ocr_par' dir='ltr' id='par_1_6' title="bbox 259 4151 1050 4225">
     <span class='ocr_line' id='line_1_37' title="bbox 259 4151 1050 4225; baseline -0.004 0"><span class='ocrx_word' id='word_1_312' title='bbox 259 4157 300 4225; x_wconf 84' lang='lat' dir='ltr'><strong><em>V.</em></strong></span> <span class='ocrx_word' id='word_1_313' title='bbox 1007 4151 1050 4223; x_wconf 82' lang='lat'><strong><em>23</em></strong></span> 
     </span>
    </p>
   </div>
   <div class='ocr_carea' id='block_1_5' title="bbox 0 0 1388 4574">
    <p class='ocr_par' dir='ltr' id='par_1_7' title="bbox 0 0 1388 4574">
     <span class='ocr_line' id='line_1_38' title="bbox 0 0 1388 4574; baseline 0 0"><span class='ocrx_word' id='word_1_314' title='bbox 0 0 1388 4574; x_wconf 95' lang='lat' dir='ltr'><strong><em> </em></strong></span> 
     </span>
    </p>
   </div>
  </div>
 </body>
</html>
