2768 4574
165 320 234 416 390
589 317 626 381 r.
651 314 789 381 mvn
1079 290 1218 399 &33:23

211 443 338 511 XXVI.
356 441 423 506 Per
439 434 584 505 eosdem
607 432 701 522 dies,
721 431 856 530 quibus
873 431 948 502 haec
969 431 1022 502 illi
1039 431 1240 503 consulta·

164 551 270 634 bant,
286 544 474 617 consilium
486 543 531 614 de
541 545 583 614 iis
593 542 802 640 Carthagini
813 551 906 611 erat¹
919 566 929 628 ;
944 538 1242 635 certabaturque

166 659 371 744 sententiis,
386 671 507 726 utrum
523 655 561 724 in
576 669 741 724 auctores
754 665 896 722 tantum
909 649 1101 733 seditionis
1114 649 1242 746 (erant

165 784 285 842 autem
308 766 348 835 hi
369 790 522 837 numero
542 762 640 835 baud
662 762 761 862 plus,
783 785 892 858 quam
916 761 1084 858 quinque
1106 772 1147 830 et
1170 759 1238 828 tri-

164 877 283 975 ginta)
302 875 663 960 animadverteretur,
679 897 726 942 an
743 872 903 970 plurium
917 869 1099 968 supplicio
1114 865 1237 939 vindi·

165 987 278 1059 canda
296 1001 369 1056 tarn
391 983 480 1057 foedi
499 982 654 1080 exempli
672 980 827 1052 defectio
844 981 977 1077 magis,
999 1001 1114 1075 quam
1132 975 1235 1048 sedi·

165 1097 231 1182 tio,
252 1110 353 1166 esset.
369 1095 462 1164 Vicit
477 1094 656 1165 sententia
670 1092 809 1178 lenior,
827 1104 887 1179 ut,
905 1087 1004 1160 unde
1023 1102 1108 1159 orta
1122 1085 1235 1184 culpa

166 1220 275 1292 esset,
295 1204 348 1274 ibi
360 1228 468 1300 poena
482 1204 694 1275 consisteret
709 1229 717 1271 :
733 1199 779 1271 ad
796 1199 1067 1271 multitudinem
1081 1198 1234 1295 castiga·

166 1316 304 1384 tionem
321 1313 404 1383 satis
421 1337 507 1383 esse.
524 1311 684 1384 Consilio
705 1309 872 1398 dimisse,
890 1323 932 1380 ut
946 1307 984 1379 id
997 1323 1122 1379 actum
1136 1305 1235 1378 vide-

165 1436 287 1509 retur,
310 1419 492 1519 expeditio
519 1422 688 1494 adversus
706 1418 946 1492 Mandonium
959 1416 1234 1513 Indibilemque

168 1530 321 1602 edicitur
336 1533 526 1620 exercitui,
543 1534 608 1630 qui
617 1531 833 1628 Carthagine
848 1545 942 1619 erat,
956 1543 994 1600 et
1006 1526 1144 1599 cibaria
1155 1526 1234 1597 die·

166 1663 248 1709 rum
273 1639 412 1737 aliquot
436 1665 564 1737 parare
585 1640 773 1736 jubentur.
793 1639 961 1711 Tribunis
984 1651 1147 1736 septem,
1167 1638 1235 1735 qui

167 1762 203 1819 et
221 1765 325 1821 antea
341 1755 541 1822 Sucronem
563 1750 607 1822 ad
629 1750 834 1822 leniendam
855 1749 1068 1821 seditionem
1090 1747 1235 1832 ierant,

167 1858 310 1930 obviam
325 1862 497 1931 exercitui
512 1863 647 1950 missis,
667 1862 779 1958 quina
793 1861 940 1930 nomina
954 1857 1165 1954 principum
1181 1878 1237 1925 se-

167 1969 313 2041 ditionis
327 1971 423 2041 edita
437 1984 539 2059 sunt,
555 1986 596 2041 ut
609 1995 689 2059 eos,
704 1995 770 2066 per
782 1969 935 2040 idoneos
948 1966 1119 2036 homines
1131 1962 1237 2035 beni-

167 2103 240 2175 gno
259 2079 364 2148 vultu
386 2104 428 2148 ac
446 2103 614 2150 sermone
636 2082 674 2148 in
694 2078 893 2176 hospitium
911 2077 1107 2146 invitatos²
1134 2077 1236 2171 sopi-

168 2204 298 2284 tosque
316 2189 419 2276 vino,
441 2189 627 2258 vincirent.
648 2188 754 2260 Haud
776 2186 904 2284 procul
922 2186 996 2281 jam
1013 2184 1238 2283 Carthagine

169 2296 337 2385 aberant,
349 2322 462 2394 quum
473 2323 518 2368 ex
528 2297 643 2369 obviis
655 2298 836 2387 auditum,
848 2310 995 2396 postero
1009 2295 1067 2366 die
1080 2320 1237 2367 omnem

171 2406 367 2476 exercitum
383 2430 465 2475 cum
479 2410 527 2476 M.
539 2407 659 2478 Silano
674 2409 712 2478 in
726 2414 923 2480 Lacetanos
941 2404 1138 2505 proficisci,
1157 2431 1239 2478 non

168 2528 269 2586 metu
281 2514 393 2586 modo
407 2518 526 2604 omni,
545 2519 609 2613 qui
627 2519 756 2589 tacitus
774 2516 953 2588 insidebat
973 2516 1121 2602 animis,
1140 2513 1239 2589 libc-

169 2626 260 2696 ravit
274 2649 351 2712 eos,
368 2624 430 2696 sed
443 2624 598 2697 laetitiam
614 2629 799 2725 ingentem
814 2625 918 2715 fecit3
935 2625 1033 2723 quod
1050 2625 1169 2722 magis
1179 2624 1240 2696 ha-

132 2744 136 2754 '
168 2734 280 2807 bituri
302 2738 419 2808 solum
440 2738 713 2836 imperatorem,
733 2763 842 2836 quam
859 2738 926 2835 ipsi
944 2734 1057 2807 futuri
1071 2736 1112 2810 in
1130 2750 1236 2834 pote·

169 2949 217 3006 ire,
232 2960 260 2997 ut
269 2950 385 3008 XXXII,
402 2951 446 3008 13,
458 2968 483 2998 n.
497 2961 526 3006 4:
541 2951 600 2998 vicit
611 2966 674 3014 pon·
718 2949 862 2999 eedaemone.
883 2947 957 2999 Couf.
975 2945 1007 2993 ad
1024 2946 1070 3004 IV,
1091 2958 1143 3004 na,
1161 2960 1189 2993 ιι.
1205 2947 1238 3004 83

172 3027 229 3074 dere
242 3043 270 3073 ea
282 3028 420 3086 sententia,
439 3028 544 3075 eundum
556 3045 607 3077 esee
619 3030 674 3076 uni-
717 3028 791 3077 Dralt.
806 3028 837 3076 ed
855 3029 970 3085 XXVII,
989 3025 1018 3085 5,
1034 3040 1061 3071 n.
1077 3038 1125 3083 113
1139 3025 1235 3084 XXX,

171 3104 259 3160 verriu
272 3105 349 3150 Gron.
719 3115 765 3167 44,
775 3124 800 3155 ιι.
811 3115 842 3164 4;
856 3107 961 3164 XXXI,
976 3119 1016 3163 11,
1030 3119 1057 3150 n.
1068 3116 1101 3164 73
1115 3102 1152 3150 nd
1166 3101 1236 3167 Epir.

204 3183 267 3231 Car.
284 3183 381 3229 XXVI.
408 3198 429 3228 1.
457 3182 600 3248 Carthagini
621 3197 675 3232 erat
717 3181 1236 3244 Liv.xxv111,xtvm‚m;6sen.

171 3272 254 3307 omnes
269 3261 319 3307 fere
330 3262 393 3309 Mss
404 3277 451 3324 pro
466 3261 626 3328 Carthagine,
646 3275 674 3312 ut
717 3264 750 3311 ad
766 3264 961 3320 Sen.Contr.1,
982 3277 1004 3308 1.
1021 3259 1063 3309 Ad
1077 3274 1150 3322 seqq.
1164 3248 1236 3309 conf.

169 3339 262 3397 XXX,
278 3354 350 3400 9,n.
369 3355 400 3396 ις
417 3341 519 3397 XXXI,
536 3358 581 3401 11,
594 3354 619 3390 et
630 3359 672 3407 ap.
718 3338 1231 3408 Polyb.XI,26,a7.—Utidacmrrr...

124 3470 127 3477 ¹
169 3416 247 3464 Plaut.
261 3417 315 3465 Car.
332 3419 397 3466 Prol.
410 3434 440 3479 71
449 3435 456 3478 3
465 3419 530 3468 unde
546 3421 674 3486 Carthagi·
717 3420 848 3486 expeditio.
858 3419 971 3467 Edicitur
978 3416 1104 3483 expeditio
1112 3417 1237 3467 adrem

168 3495 269 3552 niensis,
285 3496 353 3561 quod
361 3509 505 3562 conceptum
515 3500 583 3563 quasi
594 3511 630 3547 est
643 3499 674 3548 ab
717 3499 880 3548 Mandonium
891 3508 916 3546 et
924 3497 1070 3556 Indibilem,
1082 3507 1111 3544 ut
1123 3512 1154 3544 ee
1166 3496 1238 3547 dere

171 3573 324 3639 Carthagini,
342 3593 393 3624 non
411 3577 558 3643 Carthagine
575 3577 675 3641 (nami
718 3587 799 3626 aetum
815 3577 842 3624 in
859 3576 963 3624 coneilio
977 3575 1115 3635 videretur,
1133 3590 1190 3625 non
1202 3575 1237 3633 de

170 3656 270 3720 longum
283 3657 309 3704 in
322 3658 463 3718 hujusmodi
479 3658 573 3708 ἐθνικῶν
584 3662 673 3709 forma·
718 3657 838 3705 seditione
848 3654 999 3704 sucronensi.
1013 3656 1060 3702 En.

170 3733 237 3781 tione
257 3751 308 3782 non
331 3753 425 3801 semper
449 3735 579 3800 eliditur),
605 3736 672 3784 band
751 3735 967 3800 a.1nhospitium
986 3733 1114 3791 invitarem
1128 3734 1236 3783 vidend

169 3813 244 3875 magis
255 3814 365 3878 analogia
376 3826 453 3872 caret,
467 3831 538 3878 quam
551 3815 673 3864 Latinien-
717 3817 756 3873 11,
777 3823 825 3874 ι4,
843 3831 868 3862 n.
888 3822 912 3870 4.
934 3841 968 3850 -
990 3814 1033 3861 Ex
1055 3811 1132 3860 obviis
1160 3812 1234 3861 andi·

169 3890 201 3936 sis
210 3906 223 3936 a
232 3893 326 3948 Latini,
337 3893 523 3951 Aventinienris,
536 3894 674 3942 Cretonius·
718 3907 781 3952 tum,
789 3905 836 3942 etc.
845 3894 871 3941 h,
880 3911 901 3943 e.
911 3892 1018 3949 audino,
1028 3908 1071 3940 eeu
1082 3891 1154 3956 quod
1165 3891 1235 3941 eudi-

169 3969 215 4025 sis;
230 3971 339 4018 Gronov.
363 3973 402 4020 Sic
426 3984 449 4020 et
472 3973 580 4037 plerique
600 3975 671 4022 MSS.
716 3984 837 4021 tumeret.
850 3971 1097 4031 Cous-adl,53,n.
1110 3973 1234 4019 1.-Sc·

169 4050 277 4105 XXXV,
292 4049 323 4096 35
335 4065 373 4112 pr.
385 4051 555 4100 Lacedaemoni
567 4066 613 4117 pro
626 4055 673 4100 La-
718 4054 768 4100 lum
780 4052 949 4115 inperatorem
967 4048 1076 4109 babituri
1086 4048 1236 4121 Scipionem¹
