2782 4568
187 307 308 438 {38:32}
397 330 555 398 crana
580 331 746 401 xxvn.
773 329 880 399 car.
902 331 1011 400 rur.
1156 333 1220 416 241

160 451 237 522 sula
255 450 648 547 legionesminuerunt
670 475 738 523 nec
756 450 893 535 viribus
914 476 996 523 nec·
1009 453 1128 549 specie
1148 453 1226 547 ejus

159 561 354 659 provinciae
368 560 574 658 praesidium
586 591 594 632 ε
605 587 690 632 nam
700 575 834 660 quum,
849 576 980 659 praeter
994 562 1135 659 egregie
1146 587 1227 661 sup-

160 673 275 769 pletas
288 671 377 743 duas
388 686 529 744 veteres
545 675 727 771 legiones,
742 671 1008 768 transfugarum
1023 674 1131 744 etiam
1149 677 1226 746 Nu-

160 780 339 853 midarum
354 782 518 878 equitum
529 782 768 880 peditumque
777 805 946 880 magnam
955 782 1028 851 vim
1038 793 1050 837 ⁷
1061 781 1237 871 haberet,

160 893 298 964 Siculos
313 917 478 990 quoque,
489 895 553 992 qui
563 895 602 964 in
612 895 772 965 exercitu
779 893 946 990 Epicydis
960 897 1238 964 autPoenorum‘

160 1000 320 1092 fuerant,
335 1001 422 1073 belli
437 1006 572 1100 peritos
586 1007 698 1092 viros,
713 1003 845 1074 milites
855 1002 1007 1100 scripsit.
1020 1005 1071 1071 Ea
1080 1016 1229 1073 externa

160 1113 292 1183 auxilia
307 1137 422 1209 quum
437 1115 587 1211 singulis
596 1115 755 1185 romanis
770 1110 973 1210 legionibus
987 1111 1227 1207 adjunxisset,

159 1221 317 1293 duorum
338 1225 495 1321 speciem
515 1226 738 1296 exercituum
754 1223 906 1295 servavit
923 1248 931 1291 :
953 1221 1067 1292 altero
1082 1218 1124 1292 L.
1141 1223 1229 1292 Cin·

161 1334 257 1403 cium
282 1348 422 1431 partem
447 1335 597 1422 insulae,
623 1359 696 1431 qua
717 1358 880 1430 regnum>
896 1333 1065 1404 Hieronis
1090 1330 1228 1419 fuerat,

161 1444 254 1513 tueri
263 1443 387 1538 jussit;
403 1445 516 1516 altero
530 1446 605 1542 ipse
621 1460 784 1516 caeteram
799 1443 953 1514 insulam
969 1440 1157 1531 tuebatur,
1173 1441 1230 1512 di-

160 1554 271 1623 visam
289 1554 474 1651 quondam
497 1557 640 1626 romani
664 1555 862 1653 punieique
885 1548 1050 1649 imperii8
1070 1551 1226 1643 finibus;

161 1663 270 1735 classe
291 1690 440 1762 quoque
464 1666 609 1737 navium
634 1665 862 1762 septuaginta
882 1663 1034 1759 partita,
1062 1676 1104 1732 ut
1127 1662 1230 1732 omni

160 1773 300 1845 ambitu
322 1776 471 1846 litorum
497 1775 658 1873 praesidia
682 1799 754 1845 orae
779 1773 1121 1843 maritimaeessent.
1146 1774 1231 1866 Ipse

162 1906 243 1952 cum
257 1885 406 1955 Mutinis
420 1887 585 1982 equitatu
599 1885 822 1983 provinciam
837 1877 1069 1979 peragrabat,
1085 1894 1126 1950 ut
1136 1881 1230 1951 vise-

161 2008 217 2063 ret
232 2017 336 2090 agros
350 1995 518 2091 cultaque
535 1994 580 2094 ab
597 1995 743 2066 incultis
757 2005 921 2079 notaret,
937 2005 973 2061 et
990 1989 1143 2088 perinde
1162 1988 1230 2059 do-

161 2103 280 2172 minos
292 2101 456 2172 laudaret
470 2105 731 2200 castigaretque
739 2113 763 2173 9.
776 2110 830 2175 Ita
842 2116 983 2172 tantum
997 2125 1040 2172 ea
1053 2125 1141 2171 cura
1154 2098 1229 2170 fru-

79 2301 81 2305 .
163 2209 277 2278 menti
298 2211 488 2306 provenit,
506 2225 548 2282 ut
567 2226 603 2283 et
621 2218 773 2284 Romam
795 2213 977 2298 mitteret,
997 2224 1033 2282 et
1054 2215 1229 2283 Catauam

197 2428 220 2471 7.
235 2414 355 2478 Magnam
373 2412 425 2460 vim
443 2413 558 2472 liaberet,
578 2414 672 2464 seilicet
715 2417 793 2465 manis
808 2433 891 2464 rursus
910 2425 963 2462 tota
977 2415 1056 2463 insula
1072 2414 1143 2475 ejecti
1156 2426 1230 2478 sunt,

160 2492 198 2539 M.
207 2492 320 2540 Valerius
328 2509 397 2558 proc.
408 2494 511 2553 Siciliae,
524 2494 556 2542 ad
566 2511 639 2560 quem
647 2505 672 2542 et
717 2497 747 2544 de
762 2513 811 2561 quo
825 2496 939 2545 Laevinus
952 2511 1026 2559 supra
1038 2511 1060 2543 c.
1076 2494 1090 2540 5
1103 2494 1229 2557 gloriatur.

160 2586 228 2633 seqq.
238 2573 373 2620 referenda.
716 2579 789 2624 Forte
805 2577 853 2639 leg.
871 2575 933 2638 regii
948 2590 995 2638 pro
1012 2572 1117 2621 romani.
1138 2574 1229 2621 Refero

197 2653 221 2698 8.
232 2651 318 2697 Altero
330 2653 358 2698 L.
367 2651 474 2700 Cincium
479 2663 578 2716 partem
588 2652 673 2700 insula
716 2667 796 2702 autem
811 2653 937 2717 quondam
952 2652 985 2699 ad
998 2651 1025 2698 id
1039 2663 1149 2716 tempus,
1161 2652 1230 2715 quod

160 2727 261 2788 Siciliae,
275 2746 325 2792 qua
337 2746 438 2794 regnum
449 2731 564 2778 Hieronis
568 2729 669 2795 ficerat,
716 2732 807 2780 bellum
830 2731 947 2794 punicum
971 2730 1079 2793 primum,
1098 2730 1229 2793 praecessit.

161 2806 224 2854 tueri
226 2807 301 2872 jussit
305 2825 315 2864 ;
325 2797 403 2855 altero
418 2808 468 2872 ipse
480 2821 594 2856 eceteram
607 2808 672 2855 insu·
716 2811 787 2858 Fines
799 2809 894 2872 imperii
904 2807 967 2872 regii
974 2819 1042 2865 sunt,
1053 2808 1143 2870 quibus
1154 2824 1231 2871 quon-

160 2888 211 2934 lam
221 2886 334 2932 tuebatur
347 2882 389 2949 (cf.
401 2886 433 2933 nd
443 2889 529 2945 XXV,
540 2895 582 2945 41,
593 2904 618 2935 n.
630 2886 672 2951 8),
717 2890 772 2936 ‹lam
786 2903 887 2951 regnum
900 2887 1018 2935 Hieronis
1032 2887 1120 2934 fuerat.
1131 2907 1144 2928 υ
1162 2885 1229 2936 Dulr.
1240 2916 1250 2921 -

160 2965 264 3012 divisam
283 2965 409 3027 quondam
427 2964 526 3011 romani
539 2964 673 3028 punieique
717 2967 766 3015 Sed
770 2983 831 3031 pars
842 2966 935 3031 insulae,
947 2982 998 3028 qua
1007 2980 1107 3029 regnum
1117 2965 1230 3013 Hieronis

160 3043 256 3108 imperii
255 3042 443 3110 finibusrulloc
450 3060 575 3106 uunquam
581 3044 673 3090 laetum
709 3047 811 3112 suerat,
828 3044 986 3107 distinguitur
997 3043 1022 3091 lt.
1036 3043 1053 3090 l.
1066 3059 1080 3089 a
1091 3054 1182 3090 caetera
1195 3043 1230 3091 in·
1246 3091 1249 3094 .

160 3124 219 3183 tuit,
231 3122 361 3170 nee‘Poeni
376 3122 402 3168 iu
416 3139 444 3170 ea
458 3121 535 3169 ullum
547 3125 672 3170 Romano·
715 3126 783 3182 sula,
799 3135 845 3172 etc.
860 3122 970 3186 adeoque
984 3123 1019 3169 sie
1033 3121 1107 3169 verba
1125 3121 1228 3170 divisam

160 3219 213 3249 rum
222 3201 419 3266 impe1·ium,nec
428 3201 533 3248 Romani
540 3205 671 3249 Poenorum
716 3204 840 3268 quondam
855 3203 939 3250 saltem
954 3200 985 3248 ad
1001 3200 1157 3259 universam,
1175 3217 1228 3249 non

160 3298 266 3344 unquam
282 3297 335 3329 esse
347 3281 487 3329 voluerunt.
502 3283 568 3328 Ante
579 3281 671 3328 bellum
715 3279 1167 3342 eoeceraminsulamreferenda.Quum
1173 3292 1230 3329 ante

161 3362 278 3424 punicum
294 3362 401 3425 primurn
419 3360 497 3408 divisa
513 3371 564 3408 erat
578 3358 671 3418 ¹linibus
714 3361 821 3425 primum
834 3360 951 3424 punicum
965 3359 1057 3407 bellum
1070 3359 1133 3407 nihil
1150 3359 1176 3406 in
1191 3361 1229 3408 Si-

161 3439 229 3502 regni
240 3439 380 3502 syracusani
390 3453 414 3488 et
423 3438 520 3504 imperii
531 3440 670 3504 punici.E0
715 3440 770 3487 cilia
781 3438 936 3504 possederint
947 3437 1068 3496 Romani,
1082 3437 1229 3486 divisionem
1262 3434 1265 3439 ’

88 3530 91 3535 ·
160 3516 232 3564 finito
245 3519 350 3566 Romani
361 3530 455 3583 partem
468 3519 547 3578 illam,
561 3535 615 3582 quae
628 3534 671 3565 an·
714 3519 797 3577 illam,
818 3519 838 3565 si
858 3518 941 3566 locum
963 3516 1078 3565 habuerit
1099 3533 1226 3580 unquam,
1311 3580 1314 3588 Ι

161 3609 199 3645 tea
208 3596 304 3661 imperii
312 3597 397 3660 punici
405 3599 492 3658 fuerat,
498 3597 669 3656 obtinuerunt,
714 3598 746 3646 ad
763 3597 843 3645 solum
859 3596 917 3644 belli
935 3595 1021 3661 punici
1040 3596 1113 3660 primi
1131 3607 1228 3661 tempus

161 3675 225 3723 etin
238 3675 340 3723 formam
353 3678 504 3740 provinciae,
518 3693 572 3741 quae
585 3688 669 3741 postea
714 3677 836 3742 pertinere
849 3674 972 3740 potuisse,
986 3687 1070 3724 monet
1082 3677 1180 3725 Crever.
1193 3703 1229 3713 -

162 3766 231 3801 rietus
240 3753 366 3817 provincia
378 3754 442 3804 dieta
454 3768 502 3815 est,
515 3756 671 3823 redegerunt:
714 3758 795 3804 Classe
805 3771 901 3819 quoque
912 3753 1011 3801 navium
1023 3756 1097 3802 LXX
1101 3755 1200 3819 partita
1212 3771 1227 3802 a

162 3833 257 3881 Deinde
269 3848 335 3880 anno
348 3845 434 3895 quarto
451 3835 511 3883 belli
527 3835 612 3900 punici
632 3852 669 3884 se·
715 3836 816 3884 Valerio
831 3851 886 3882 curn
901 3833 996 3883 Cincio.

161 3911 237 3959 cundi
245 3923 303 3976 post
312 3928 396 3959 necem
406 3912 565 3980 Hieronymi,
572 3914 670 3978 nepotis
749 3932 774 3978 9.
785 3913 889 3960 Perinde
902 3910 1012 3960 dominos
1023 3913 1039 3961 I.
1049 3928 1071 3962 e.
1077 3947 1085 3970 ,
1099 3912 1162 3963 forte
1168 3929 1228 3976 pro·

162 3990 292 4050 Hieronis,
310 3991 379 4038 Poeni
389 3991 489 4055 quidem
500 3994 629 4056 imperinm
641 3994 671 4041 il-
713 3985 771 4040 iride
776 4011 788 4051 ;
802 3993 879 4040 Gron.
895 3993 959 4040 Mox
968 3992 1045 4056 junge
1063 4003 1159 4040 tantum
1168 3990 1226 4057 fru-

102 4110 105 4116 .
160 4069 209 4118 lius
219 4071 373 4133 invaserunt,
387 4070 431 4120 sed
443 4071 512 4123 brevi
523 4084 581 4138 post
593 4089 609 4123 a
620 4074 671 4122 lto·
715 4070 791 4124 menti
797 4070 917 4137 provenit.

280 4161 323 4228 V.
550 4174 554 4179 “
1018 4157 1060 4229 16
