2768 4574
195 321 321 428 agat:
414 340 564 406 ranna
589 340 772 428 xxviii.
802 340 907 407 car.
936 343 980 408 x.
1156 338 1225 412 355

167 461 398 552 QCaccilium
415 461 625 556 magistrum
643 460 818 554 equitum.
834 464 924 530 AM.
934 463 1035 545 Livio
1049 462 1225 535 dictatore

166 574 276 649 creati
296 570 461 642 consules
481 570 720 656 L.Veturius,
739 571 783 659 Q.
798 569 982 658 Caecilius;
1000 572 1029 642 is
1048 574 1143 669 ipse,
1161 575 1225 670 qui

165 699 244 754 tum
268 696 344 753 erat
369 681 537 778 magister
560 681 736 775 equitum.
756 679 846 750 Inde
867 695 1064 777 praetorum
1082 685 1227 770 comitia

165 793 288 864 habita
314 819 321 860 :
345 793 456 863 creati
483 794 522 860 C.
546 789 715 861 Servilius
730 843 752 876 ,.
775 792 823 858 M.
848 791 1009 861 Caecilius
1035 792 1227 878 Metellus,

165 907 216 974 Ti.
236 902 407 974 Claudius
426 901 584 986 Asellus,
607 901 651 989 Q.
666 900 845 970 Mamilius
861 892 1037 986 Turinus,
1061 904 1126 998 qui
1149 918 1226 973 tum
1268 892 1272 897 ⁸

164 1013 274 1084 aedilis
296 1010 412 1108 plebis
435 1025 520 1081 erat.
539 1010 701 1082 Comitiis
720 1009 902 1107 perfectis,
920 1009 1091 1100 dictator,
1113 1015 1224 1110 magi-

164 1139 278 1197 stratu
293 1120 461 1194 abdicato
474 1121 695 1216 dimissoque
707 1122 887 1206 exercitu,
902 1122 940 1190 in
954 1123 1133 1192 Etruriam
1147 1147 1228 1220 pro-

164 1235 317 1304 vinciam
350 1257 392 1301 ex
424 1231 739 1301 senatusconsulto
765 1245 819 1300 est
843 1229 1026 1327 profectus
1051 1232 1096 1302 ad
1128 1257 1227 1329 quae-

163 1336 299 1414 stiones
333 1340 517 1413 habendas
532 1353 559 1428 ¹,
595 1342 658 1437 qui
692 1344 925 1411 Etruscorum
960 1340 1226 1413 Umbrorumve

163 1455 290 1552 populi
312 1449 523 1524 defectionis
545 1451 591 1522 ab
607 1451 783 1521 Romanis
802 1449 848 1521 ad
871 1449 1132 1523 Hasdrubalem
1159 1450 1227 1522 sub

163 1565 359 1635 adventum
378 1563 455 1657 ejus
476 1561 624 1633 consilia
644 1562 853 1658 agitassent,
870 1562 1008 1657 quique
1023 1587 1107 1633 eum
1126 1560 1226 1632 auxi-

162 1674 235 1759 liis,
253 1688 314 1743 aut
329 1687 552 1758 commeatu,
572 1687 634 1742 aut
649 1695 718 1767 ope
738 1669 858 1765 aliqua
870 1671 1058 1765 juvissent.
1079 1677 1162 1741 Hac
1181 1697 1225 1743 eo

163 1808 259 1854 anno
287 1782 387 1852 domi
411 1783 618 1878 militiaque
645 1795 754 1877 gesta.
781 1779 874 1851 Ludi
896 1783 1050 1852 Romani
1074 1797 1130 1853 ter
1157 1784 1225 1852 toti

161 1895 350 1965 instaurati
379 1891 425 1962 ab
455 1891 619 1962 aedilibus
645 1888 849 1976 curulibus,
880 1895 946 1960 Cn.
974 1891 1124 1960 Servilio
1150 1895 1226 1962 Cae-

161 2006 290 2101 pione,
309 2008 384 2073 Ser.
396 2003 568 2073 Cornelio
583 2001 751 2072 Lentulo.
766 2006 857 2071 Item
874 2000 950 2071 ludi
965 1999 1101 2099 plebeii
1114 2003 1225 2073 semel

162 2115 228 2185 toti
246 2115 454 2200 instaurati²
471 2112 517 2183 ab
535 2111 698 2183 aedilibus
716 2110 851 2209 plebis,
865 2116 914 2181 Μ.
932 2114 1134 2209 Pomponio
1153 2118 1226 2184 Ma·
1263 2199 1266 2205 Ι

160 2224 295 2311 thone,
315 2239 351 2294 et
366 2227 409 2315 Q.
425 2223 585 2302 Mamilio
601 2221 1024 2293 Turino.Tertiodecimo
1045 2248 1143 2293 auno
1161 2247 1225 2321 pu-

159 2335 232 2405 nici
242 2333 345 2422 belli,
360 2335 556 2405 L.Veturio
564 2332 715 2403 Philone
727 2333 967 2423 etQ.Caecilio
977 2333 1131 2404 Metello
1141 2359 1225 2405 con·

160 2445 319 2532 sulibus,
343 2445 472 2530 Bruttii
486 2442 685 2531 ambobus,
708 2459 749 2515 ut
766 2468 856 2514 cum·
867 2442 1069 2514 Hannibale
1083 2442 1220 2515 bellum

159 2571 345 2649 gererent,
365 2557 552 2654 provincia
578 2556 732 2627 decreta.
754 2560 927 2625 Praetores
953 2553 1083 2624 exinde
1106 2557 1223 2626 sortiti

159 2678 257 2750 sunt,
271 2669 318 2732 Μ.
327 2665 490 2736 Caecilius
499 2665 667 2736 Metellus
677 2664 866 2749 urbanam,
877 2667 922 2753 Q.
933 2663 1113 2733 Mamilius
1124 2690 1223 2760 pere·

159 2774 317 2866 grinam,
332 2778 372 2843 C.
383 2774 553 2846 Servilius
571 2777 743 2862 Siciliam,
759 2775 811 2843 Ti.
822 2772 994 2844 Claudius
1009 2772 1218 2844 Sardiniam.

158 2883 346 2953 Exercitus
355 2884 403 2952 ita
414 2883 534 2953 divisi:
547 2880 738 2955 consulum
752 2883 867 2970 alteri,
877 2906 986 2977 quem
1000 2888 1040 2953 C.
1049 2883 1222 2953 Claudius

158 2993 289 3088 prioris
312 2995 399 3064 anni
422 2994 571 3080 consul,
596 2994 718 3081 alteri,
739 3018 850 3091 quem
878 2997 922 3094 Q.
938 2991 1110 3063 Claudius
1136 3019 1221 3090 pro·
1263 2984 1264 2987 ¹

157 3119 290 3200 praetor
304 3106 376 3202 (eae
389 3103 483 3174 binae
497 3104 659 3202 legiones
673 3099 797 3199 erant)
813 3102 997 3174 habuisset
1012 3104 1220 3174 exercitum.

156 3218 200 3284 In
220 3215 362 3286 Etruria
381 3214 470 3286 duas
486 3215 663 3285 volonum
682 3214 843 3311 legiones
858 3240 878 3284 a
895 3219 933 3285 C.
949 3215 1121 3286 Terentio
1140 3239 1223 3311 pro·

157 3340 310 3419 praetore
328 3331 375 3396 M.
392 3326 512 3396 Livius
531 3325 749 3422 proconsul,
771 3326 828 3396 cui
845 3341 1082 3422 prorogatum
1100 3327 1138 3395 in
1157 3350 1222 3394 an·

157 3457 246 3504 num
271 3436 465 3533 imperium
487 3450 582 3519 erat,
605 3436 784 3532 acciperet
806 3463 813 3504 :
838 3450 874 3505 et
895 3440 938 3526 Q.
954 3435 1138 3517 Mamilio,
1163 3448 1223 3519 ut,

156 3542 301 3642 collegae
325 3545 574 3641 jurisdictione
601 3544 751 3631 tradita,
773 3543 924 3616 Galliam
945 3569 1025 3614 cum
1045 3544 1222 3627 exercitu,

155 3654 215 3723 cui
233 3659 270 3724 L.
280 3658 427 3727 Porcius
450 3671 653 3754 propraetor
679 3653 871 3754 praefuerat
885 3650 912 3739 ³,
932 3651 1135 3741 obtineret,
1158 3651 1222 3724 de·

156 3778 295 3834 cretum
316 3780 388 3853 est;
408 3767 604 3864 jussusque
623 3767 791 3864 populari
812 3788 915 3860 agros
932 3763 1140 3846 Gallorum,
1160 3765 1224 3861 qui

191 3926 251 3973 Car.
265 3930 298 3975 X.
317 3945 338 3975 1.
356 3930 399 3992 add
412 3931 557 3994 quoestt'ones
575 3932 667 3981 laben·
713 3931 769 3978 vide
784 3930 815 3977 ad
829 3932 868 3987 II,
887 3930 933 3984 36,
949 3946 973 3975 n.
989 3945 1010 3976 1.
1033 3956 1067 3964 -
1084 3929 1151 3987 Toti,
1169 3902 1226 3978 cum

156 4006 216 4059 das‚·
226 4005 281 4053 ride
290 4008 323 4054 ad
332 4011 369 4066 II,
381 4023 428 4070 29,
440 4026 465 4056 u.
474 4011 497 4057 3.
713 4011 780 4057 omni
794 4009 952 4068 solennitate3
966 4010 1042 4056 Doer.

192 4100 216 4132 a.
233 4085 297 4132 Ludi
305 4087 395 4150 plebeii
408 4090 482 4136 semel
494 4089 609 4146 instaur„
621 4101 667 4136 etc.
750 4091 774 4136 3.
795 4088 840 4135 Cui
856 4091 884 4135 L.
898 4088 998 4135 Porcius
1012 4102 1153 4152 proproetor
1165 4105 1229 4152 pra:-

986 4175 1047 4245 23.
