2768 4574
192 307 261 388 412
615 303 654 368 r.
686 302 821 369 mvn
1106 275 1228 386 ῧῑὲῑὲἓὲῑ

192 449 277 495 nem
295 422 560 519 agrestiumque
575 419 697 517 fugam
717 435 752 491 et
771 421 930 491 hostium
950 417 1145 488 adventum
1163 431 1254 488 attu-

194 537 331 621 lerant;
358 548 393 603 et
415 529 487 603 uisa
510 532 668 604 interdiu
691 531 810 603 classis
837 543 933 618 erat,
958 553 1026 598 nec
1048 529 1127 598 sine
1151 551 1255 597 causa

194 647 343 716 electam
363 658 445 714 ante
464 642 592 714 urbem
613 644 803 713 stationem
826 637 1032 739 apparebat.
1050 643 1176 734 ltaque
1198 640 1255 706 in-

107 819 112 830 .
194 756 320 825 structi
339 755 538 850 armatique
556 756 650 824 intra
667 768 829 851 portam,
851 751 896 822 ad
915 766 1081 846 stagnum
1100 774 1141 820 ac
1157 774 1256 820 mare

192 891 347 952 versam,
364 865 657 937 continebantur.
668 863 741 936 Ubi
752 862 858 935 effusi
872 862 994 932 hostes
1002 857 1028 944 ⁵,
1038 862 1150 930 mixta
1162 861 1257 930 inter

194 976 324 1046 milites
336 976 469 1046 navalis
480 975 604 1063 turba,
618 975 663 1045 ad
676 999 800 1045 muros
812 972 972 1044 tumultu
984 971 1132 1066 majore,
1147 994 1257 1066 quam

196 1087 248 1172 vi,
266 1083 475 1175 subierunt,
494 1084 671 1184 patefacta
689 1098 842 1181 repente
861 1096 984 1180 porta,
1002 1081 1156 1152 Romani
1175 1104 1258 1151 cum

195 1195 352 1266 clamore
362 1212 576 1295 erumpunt,
590 1195 828 1292 turbatosque
842 1193 981 1281 hostes,
998 1208 1033 1263 et
1045 1191 1088 1263 ad
1101 1192 1257 1288 primum

194 1307 378 1377 incursum
405 1309 683 1405 conjectumque
708 1306 867 1384 telorum
890 1321 1051 1392 aversos,
1074 1328 1190 1399 usque
1213 1300 1259 1371 ad

195 1416 280 1487 litus
300 1442 383 1488 cum
403 1419 517 1489 multa
534 1418 630 1489 caede
651 1430 946 1515 persequuntur:
964 1439 1048 1502 nec,
1067 1416 1135 1484 nisi
1151 1437 1260 1483 naves

195 1525 293 1597 litori
314 1528 471 1628 appulsae
490 1515 650 1628 trepidos
674 1530 915 1626 accepissent,
937 1523 1172 1624 superfuisset
1189 1549 1260 1623 pu-

197 1661 275 1733 gnae
298 1653 360 1708 aut
379 1637 470 1737 fugte
488 1641 693 1738 quisquam.
711 1646 752 1710 In
769 1641 854 1737 ipsis
873 1662 1021 1735 quoque
1040 1637 1259 1733 trepidatum

198 1746 350 1819 navibus
369 1765 439 1837 est,
463 1749 568 1840 dum,
593 1777 639 1822 ne
661 1751 785 1822 hostes
806 1774 889 1820 cum
908 1749 982 1819 suis
1001 1747 1108 1817 simul
1129 1748 1260 1816 irrum-

198 1874 348 1955 perent,
376 1861 525 1932 trahunt
550 1858 694 1949 scalas⁶,
717 1875 873 1957 orasque
898 1872 933 1928 et
956 1881 1124 1943 ancoras,
1151 1882 1197 1926 ne
1221 1856 1262 1924 in

199 1969 382 2041 moliendo
401 1996 501 2043 mora
519 1987 630 2060 esset,
647 1972 868 2070 praecidunt3
888 1969 1065 2064 multique
1088 1967 1262 2038 adnantes

122 2164 125 2167 Δ
199 2077 369 2168 navibus,
389 2082 528 2152 incerto
544 2108 616 2180 prae
631 2081 824 2168 tenebris⁷,
841 2080 930 2177 quid
944 2093 1005 2149 aut
1020 2091 1186 2176 peterent
1200 2090 1263 2146 aut

200 2187 369 2277 vitarent,
392 2187 488 2261 foede
514 2193 741 2263 interierunt.
762 2197 911 2262 Postero
930 2188 988 2260 die
1009 2214 1123 2286 quum
1143 2187 1264 2259 classis
1366 2208 1372 2215 ·

201 2296 286 2367 inde
309 2314 407 2369 retro
426 2300 471 2371 ad
490 2307 695 2387 Oceanum,
720 2301 817 2372 unde
839 2314 1004 2386 venerat,
1028 2298 1194 2394 fugisset,
1217 2295 1264 2366 ad

202 2407 401 2504 octingenti
422 2408 611 2482 homines8
636 2413 714 2481 caesi
735 2413 829 2480 inter
853 2432 999 2479 murum
1025 2407 1201 2504 litusque,
1227 2419 1265 2475 et

147 2567 151 2572 ψ
204 2515 248 2586 ad
269 2516 341 2588 duo
363 2520 473 2591 millia
492 2546 675 2592 armorum
693 2522 850 2592 inventa.

250 2633 429 2701 XXXVII.
451 2636 575 2729 Mago,
598 2657 713 2729 quum
732 2630 849 2702 Gades
871 2631 1077 2727 repetisset,
1100 2628 1265 2700 exclusus

112 2818 116 2823 ,
202 2737 321 2826 inde1‚
344 2740 389 2811 ad
413 2741 587 2828 Cimbim,
606 2742 704 2813 haud
727 2742 855 2840 procul
879 2766 899 2810 a
921 2739 1084 2812 Gadibus
1109 2741 1138 2810 is
1164 2738 1266 2809 locus

203 2946 229 3002 I,
246 2948 294 3005 52,
312 2964 337 2996 n.
352 2965 374 2996 r.
394 2977 429 2986 -
446 2952 497 2998 Nee
510 2952 562 2998 sine
575 2966 651 2998 eausa
665 2951 712 2997 ele·
756 2949 877 2997 moliendo
884 2969 895 3006 ,·
909 2949 964 2996 vide
975 2949 1007 2996 ad
1017 2951 1141 3008 XXVIII,
1155 2963 1195 3008 17,
1206 2964 1230 2996 n.
1240 2951 1265 2996 6.

202 3035 268 3071 etam
279 3026 389 3092 (plurimi
398 3031 461 3077 MSS
474 3029 589 3095 erectam)
604 3042 662 3077 ante
673 3047 712 3076 ur·
794 3045 818 3089 7.
832 3031 927 3075 Incerto
933 3045 989 3092 proe
998 3028 1116 3084 tenebris5
1132 3026 1189 3074 vide
1199 3026 1266 3086 adl,

203 3103 256 3150 bem
264 3105 401 3164 stationem,
412 3109 520 3154 Poenosa
528 3109 712 3172 Magonenoetu
759 3115 801 3166 41,
811 3124 836 3155 n.
848 3122 891 3164 10,
904 3118 928 3155 et
937 3108 988 3164 VI,
999 3114 1045 3164 40,
1057 3123 1082 3153 n.
1094 3122 1115 3154 1.

201 3180 296 3230 inlitus
310 3185 432 3248 expositos
446 3202 497 3233 esse
507 3186 544 3233 ad
548 3198 647 3249 partem
659 3204 713 3234 eam
795 3189 819 3234 8.
833 3185 878 3232 Ad
889 3184 1020 3250 octingenti
1029 3183 1155 3241 immines,-
1168 3184 1225 3232 vide
1235 3184 1267 3232 ad

204 3262 281 3320 muri,
297 3280 348 3327 qua
361 3275 435 3328 eapte
447 3263 569 3329 Carthago
584 3267 615 3312 ab
625 3267 714 3313 Roma·
758 3267 804 3326 tv,
818 3265 864 3327 59,
882 3281 908 3312 n.
922 3272 946 3319 4.
965 3292 1000 3300 -
1023 3263 1126 3310 Adduo
1138 3262 1267 3310 milliaar-

204 3340 343 3406 uisfuisset.
759 3361 861 3392 morum.
877 3343 952 3390 Drak.
968 3353 1070 3389 testatur
1082 3341 1212 3405 plerosque
1225 3358 1268 3389 co-

139 3484 147 3491 ·
240 3420 264 3467 5.
292 3422 339 3468 Ubi
361 3419 433 3487 effusi
458 3421 554 3478 hostes,
579 3423 621 3485 qui
646 3434 715 3470 erant
759 3423 1087 3477 dicesbaberearmatorum,
1096 3420 1162 3469 unde
1170 3421 1268 3484 quidam

202 3498 296 3556 mixta,
310 3511 359 3548 ete.
758 3501 866 3566 interpp.
882 3511 1010 3565 exponunt
1029 3515 1106 3547 caesos
1127 3516 1179 3547 esse
1199 3511 1269 3547 octo-

242 3580 266 3625 6.
282 3577 393 3626 Tradunt
404 3580 497 3636 scalas,
510 3579 537 3626 in
551 3594 625 3626 naves
640 3590 715 3627 retra·
759 3581 854 3644 gintos,
867 3579 909 3627 sed
926 3581 952 3626 in
971 3578 1113 3626 universum
1128 3579 1177 3626 duo
1194 3579 1269 3626 millia

204 3655 267 3704 hunt
277 3669 366 3721 pontes
376 3674 513 3721 asseresque
525 3658 651 3723 expositos
660 3659 715 3705 lito-
758 3659 832 3706 varfis
841 3657 922 3705 modis
931 3657 1039 3721 periisse.
1051 3657 1097 3704 Sed
1109 3659 1186 3704 Gron.
1197 3658 1269 3705 Crev.

203 3735 272 3797 rique
281 3736 408 3795 admotos,
426 3749 454 3785 ut
464 3736 521 3785 inde
531 3737 558 3784 in
567 3753 641 3784 naves
650 3737 714 3785 redi·
759 3737 833 3785 Drak.
847 3737 936 3798 aIIIque
950 3735 1063 3783 Rhenani
1075 3736 1270 3784 emendationem

203 3825 257 3860 rent
270 3817 366 3878 egressi.
378 3817 485 3880 ctvug.
496 3819 552 3864 AEn.
561 3818 600 3873 X,
611 3818 714 3870 eta-
757 3831 880 3862 amorum
891 3826 1038 3880 receperunt
1052 3828 1077 3863 et
1088 3827 1197 3862 tuentur.
1209 3817 1256 3862 En.

206 3893 316 3954 (Iraeque
333 3906 357 3941 et
374 3911 479 3942 ancoras
487 3893 644 3958 presidum,-
656 3895 713 3949 vide
792 3894 853 3942 Car.
867 3895 1002 3941 XXXVII.
1017 3909 1038 3940 1.
1059 3895 1179 3941 Exclusus
1199 3893 1267 3951 inde,

205 3969 236 4016 ad
253 3970 342 4018 librum
359 3975 450 4032 XXII,
465 3991 518 4039 cap.
533 3989 577 4034 19,
593 3990 619 4020 n.
638 3975 669 4031 6,
690 3985 714 4022 et
758 3989 808 4021 nou
826 3972 958 4031 admissus,
976 3974 1054 4038 portis
1071 3975 1166 4020 clausis.
1181 4001 1216 4009 -
1229 3974 1274 4020 Ad

204 4049 248 4096 lib.
267 4051 350 4108 XXV,
370 4067 422 4115 cap.
441 4068 483 4110 11,
505 4064 556 4100 not.
575 4069 613 4100 ιο.
631 4081 665 4090 -
683 4055 714 4099 ln
761 4051 1271 4111 Cimbim;t10r.etru.cimbi0s;8MS.S,
