2768 4574
178 307 246 381 252
603 310 641 375 r.
676 309 817 377 mvn
912 402 916 409 Ι
1088 282 1216 394 ῧῐὲζὲἓὲῑ

178 431 397 528 septingenti
415 429 547 499 civium
569 428 823 524 sociorumque
843 454 851 496 ε
873 427 911 496 in
932 424 988 497 his
1006 441 1165 523 quatuor
1184 453 1243 497 ro·

177 541 274 611 mani
284 541 533 625 centuriones,
547 536 620 609 duo
634 537 770 609 tribuni
784 537 958 626 militum,
970 540 1019 607 M.
1030 538 1192 608 Licinius
1206 553 1244 607 et

176 656 225 721 Μ.
237 651 394 721 Helvius.
410 651 517 748 Signa
531 648 697 719 militaria
711 664 868 746 quatuor
882 646 927 719 de
943 648 1014 733 ala,
1028 648 1143 745 prima
1159 672 1244 743 quae

178 759 291 858 fugit;
311 761 384 831 duo
404 760 449 831 de
467 761 626 857 legione,
647 785 726 856 quae
749 759 962 831 cedentibus
980 757 1095 832 sociis·
1103 782 1246 857 succes.-

178 885 291 959 serat,
311 895 449 942 amissa.
1122 948 1125 954 ,

225 984 320 1050 ΧΙΙΙ.
340 979 551 1069 Marcellus,
573 995 767 1077 postquam
792 981 828 1049 in
851 994 965 1051 castra
987 976 1148 1049 reditum
1168 993 1247 1066 est,

178 1092 394 1162 concionem
412 1091 503 1162 adeo
526 1115 653 1161 saevam
671 1105 780 1186 atque
801 1088 967 1160 acerbam
991 1086 1089 1186 apud
1109 1086 1247 1158 milites

178 1200 324 1289 habuit,
340 1216 381 1271 ut
395 1201 537 1298 praelio,
552 1226 621 1298 per
630 1200 727 1271 diem
740 1214 859 1271 totum
872 1199 1062 1272 infeliciter
1074 1197 1248 1285 tolerato,

178 1313 314 1382 tristior
327 1313 371 1382 iis
382 1312 464 1383 irati
477 1310 579 1383 ducis
593 1313 708 1382 oratio
723 1326 825 1382 esset.
839 1341 856 1376 «
869 1310 945 1382 Diis
958 1307 1248 1396 immortalibus,

178 1438 251 1493 «ut
273 1424 312 1492 in
331 1422 392 1493 tali
407 1433 481 1511 re¹,
501 1420 626 1493 laudes
642 1436 851 1519 gratesque,
870 1421 1011 1517 inquit,
1030 1443 1115 1517 ago,
1141 1417 1251 1516 quod

177 1561 195 1597 a
207 1533 322 1602 victor
341 1533 477 1620 hostis,
497 1557 581 1604 cum
601 1547 704 1602 tanto
720 1556 855 1629 pavore
873 1529 1118 1609 incidentibus
1138 1527 1251 1599 vobis

178 1671 195 1705 a
210 1641 248 1711 in
262 1642 396 1712 vallum
415 1657 630 1740 portasque,
647 1667 725 1712 non
743 1642 820 1739 ipsa
835 1655 949 1712 castra
967 1655 1021 1711 est
1035 1661 1224 1737 aggressus
1240 1666 1251 1708 z

179 1750 458 1824 «deseruissetis
488 1751 654 1850 prolecto
679 1751 810 1822 eodem
835 1766 973 1822 terrore
1005 1762 1139 1837 castra,
1169 1773 1253 1844 quo

179 1863 379 1932 «omisistis
402 1886 572 1959 pugnam.
596 1862 668 1951 Qui
685 1886 798 1958 pavor
817 1860 896 1949 hic,
916 1861 980 1956 qui
1002 1873 1139 1946 terror,
1164 1883 1253 1954 quae

178 1999 196 2034 α
209 1986 381 2068 repente,
395 1973 479 2067 qui,
492 1986 528 2041 et
541 1995 624 2041 cum
640 1971 772 2067 quibus
786 1971 1012 2067 pugnaretis,
1025 1967 1162 2040 oblivio
1175 1969 1255 2039 ani-

179 2109 196 2144 ιι
210 2104 289 2150 mos
310 2081 430 2178 cepit?
447 2104 579 2176 nempe
599 2080 709 2151 iidem
730 2095 815 2150 sunt
834 2080 872 2149 hi
891 2081 1033 2168 hostes,
1052 2103 1146 2175 quos
1164 2078 1254 2148 vin·

179 2217 196 2253 «
210 2188 326 2258 cendo
348 2203 385 2259 et
402 2189 517 2260 victos
533 2190 721 2285 sequendo
745 2191 905 2286 priorem
923 2204 1081 2260 aestatem
1098 2186 1252 2259 absum-

158 2327 197 2362 ·«
211 2298 350 2394 psistis;
375 2297 509 2395 quibus
532 2299 608 2369 dies
625 2312 827 2396 noctesque
846 2297 1070 2398 fugientibus
1089 2323 1157 2397 per
1179 2297 1254 2369 hos

181 2435 198 2470 e
210 2405 286 2476 dies
306 2407 504 2495 i11stitistis3
529 2433 622 2505 quos
639 2408 779 2480 levibus
797 2409 926 2507 praeliis
944 2408 1134 2506 fatigastis3
1152 2432 1255 2505 quos

180 2513 382 2587 «hesterno
399 2517 456 2588 die
475 2541 544 2587 nec
557 2518 625 2588 iter
638 2514 775 2606 facere,
788 2542 856 2619 nec
871 2534 986 2589 castra
1000 2542 1137 2617 ponere
1153 2521 1258 2615 passi

180 2654 198 2689 «
212 2625 307 2695 estis.
330 2627 469 2697 Omitto
491 2650 551 2714 ea,
571 2625 705 2723 quibus
723 2628 868 2723 gloriari
889 2629 1066 2726 potestis:
1088 2627 1194 2723 cujus
1216 2643 1258 2701 et

182 2737 326 2834 «ipsius
352 2739 491 2836 pudere
517 2762 557 2809 ac
583 2739 762 2836 poenitere
786 2763 850 2819 vos
873 2752 1039 2837 oportet,
1064 2734 1256 2809 referam:

181 2873 362 2947 «nempe,
378 2850 489 2945 aequis
503 2848 694 2920 manibus²
712 2849 884 2921 hesterno
899 2850 958 2921 die
974 2848 1168 2920 diremistis
1183 2874 1259 2947 pu·

182 2989 199 3024 «
213 2983 330 3055 gnam.
350 2959 447 3048 Quid
463 2958 538 3028 haec
558 2984 654 3047 nort,
678 2961 767 3057 quid
786 2960 845 3031 hic
863 2959 940 3031 dies
959 2960 1103 3031 attulit?
1120 2974 1258 3032 vestrae

182 3066 268 3136 «bis
289 3066 401 3162 copiae
419 3067 617 3137 imminutae
641 3084 746 3157 sunt,
765 3094 811 3140 an
833 3070 981 3143 illorum
1005 3069 1143 3141 auctae?
1164 3073 1260 3141 Non

183 3205 200 3240 a
213 3174 381 3271 equidem
415 3176 504 3245 mihi
534 3203 618 3248 cum
651 3181 811 3251 exercitu
844 3205 928 3251 meo
957 3181 1060 3277 loqui
1094 3178 1260 3270 videor,

184 3307 282 3353 «nec
302 3306 384 3352 curn
403 3287 561 3357 romanis
579 3288 755 3359 militibus
773 3317 780 3358 :
801 3315 956 3388 corpora
978 3304 1119 3360 tantum
1137 3303 1259 3386 atque

183 3423 200 3458 α
213 3417 311 3464 arma
327 3394 453 3466 eadem
466 3412 562 3468 sunt.
578 3403 651 3487 An,
663 3401 691 3468 si
706 3401 852 3471 eosdem
867 3402 1006 3471 animos
1020 3397 1259 3493 habuissetis,

183 3519 313 3604 «terga
330 3522 446 3578 vestra
464 3507 610 3579 vidisset
628 3509 765 3580 hostis?
785 3511 885 3608 signa
907 3505 1037 3581 alicui³
1058 3509 1260 3606 manipulo

219 3734 281 3781 Car.
292 3734 365 3782 ΧΙΙΙ.
385 3749 407 3783 1.
424 3739 458 3784 Ur
467 3737 492 3784 in
506 3735 553 3783 tati
563 3753 603 3792 re,
617 3747 645 3784 ut
656 3738 691 3784 fas
773 3737 796 3784 3.
809 3737 885 3802 Signa
897 3737 974 3786 alicui
986 3737 1110 3802 mani'ptulo
1123 3738 1262 3802 legionum

185 3812 258 3858 estin
270 3809 313 3857 tali
325 3811 451 3874 periculo,
463 3815 532 3863 clade
541 3825 565 3862 et
577 3816 641 3879 fuga.
653 3815 691 3864 Cf.
736 3827 781 3862 aut
792 3815 887 3864 cohorti
903 3817 1042 3877 sociorum
1057 3828 1085 3864 ut
1099 3816 1176 3882 paulo
1197 3831 1264 3884 post

186 3888 218 3936 ad
227 3889 300 3948 VIII,
313 3890 361 3948 30,
373 3907 398 3938 n.
407 3909 431 3952 7.
459 3950 462 3954 ι
736 3893 888 3952 cohortibus,
904 3912 958 3959 quac
974 3897 1042 3960 signa
1061 3895 1213 3957 animm,
1236 3911 1264 3950 ot

220 3983 246 4016 a.
255 3968 313 4032 AEq.
328 3969 450 4027 manibus,
464 3987 534 4034 aequo
544 3983 693 4031 marte‚n0n
737 3975 892 4022 centuriones
898 3975 1092 4040 manipulorum
1103 3974 1171 4024 nuk.
1179 3978 1267 4029 Cous.

186 4046 299 4109 victoria,
313 4048 381 4111 quod
394 4052 518 4098 Romanos
530 4051 657 4100 deotdsset.
739 4053 819 4100 Sobel.
833 4053 866 4100 ad
878 4055 967 4118 Polyb.
980 4054 1046 4102 Dim.
1060 4053 1102 4114 15,
1116 4065 1158 4115 et,
1171 4056 1224 4121 qui
1233 4058 1268 4109 in
