2768 4574
182 306 308 416 ῧζὲζέἔέῑ
350 329 448 394 ΜΒ.
477 329 648 396 xxvii.
678 331 789 410 car.
816 332 963 397 xiix.
991 333 1032 398 1..
1155 329 1223 426 327

158 474 267 546 supra
286 449 354 518 tria
372 447 483 525 millia
500 450 684 546 capitum‘*
699 464 857 546 recepta.
874 450 919 547 Id
935 449 1138 532 solatiifuit
1157 476 1225 548 pro

157 558 295 629 amissis
314 582 358 635 eo
384 558 507 654 praelio
529 558 734 631 militibus:
757 584 841 630 nam
867 559 1150 658 haudquaquam
1164 565 1227 653 ⁸in-

157 687 308 747 cruenta
328 670 480 750 ¹victoria
501 671 588 760 fuit,
607 686 696 743 octo
716 671 829 743 ferme
846 671 958 743 millia
977 677 1226 743 Romanorum

158 783 413 879 sociorumque
431 785 558 855 occisa.
577 783 751 880 Adeoque
773 784 882 853 etiam
904 783 1063 862 ¹uictores
1084 786 1226 881 sangui-

158 894 214 962 nis
238 893 417 989 caedisque
441 901 591 990 ceperat·
604 894 766 978 satietas,
782 907 824 962 ut
844 906 993 990 postero
1014 892 1091 977 die,
1112 897 1227 990 quum

158 1017 250 1074 esset
273 1005 482 1076 nuntiatum
504 1005 608 1074 Livio
632 1003 772 1074 consuli
781 1057 796 1089 ,.
810 1002 935 1097 Gallos
951 1003 1154 1099 Cisalpinos
1169 1005 1229 1077 Li-

157 1127 357 1209 guresque,
372 1115 436 1210 qui
450 1130 512 1185 aut
527 1114 651 1212 praelio
664 1140 740 1186 non
756 1111 963 1203 affuissent,
979 1131 1041 1185 aut
1055 1117 1151 1186 inter
1165 1141 1228 1206 eae-

158 1223 242 1293 dem
259 1211 489 1324 effugissent,
509 1242 587 1299 uno
606 1226 749 1323 agmine
767 1223 867 1296 abire
887 1227 965 1297 siue
992 1240 1095 1297 certo
1112 1224 1226 1315 duce,

114 1341 116 1346 ’
158 1334 479 1431 sinesignis,si11e
501 1335 631 1408 ordine
648 1337 745 1425 ullu,
767 1351 829 1407 aut
850 1336 1025 1432 imperio;
1049 1354 1176 1433 posse,
1192 1339 1229 1413 ¹si

159 1468 232 1512 una
243 1446 408 1540 equitum
419 1446 474 1519 ala
484 1443 694 1537 ⁵mittatur,
708 1446 977 1534 omnesdeleri;
988 1450 1004 1513 ιε’
1019 1450 1227 1546 supersint,
1282 1541 1284 1544 v

158 1584 174 1617 «
188 1555 330 1650 inquit,
355 1556 468 1654 aliqui
490 1559 612 1640 nuntii
635 1573 672 1629 et
692 1557 853 1630 hostium
878 1556 1007 1645 cladis,
1032 1572 1068 1628 et
1096 1571 1230 1629 nostrae

159 1693 175 1728 «
190 1680 332 1743 virtutis
346 1697 373 1736 ».
486 1738 490 1757 ,
718 1736 720 1740 Α
787 1736 790 1743 ,

208 1781 247 1847 L.
268 1781 365 1854 Nero
381 1803 423 1849 ea
443 1793 551 1850 nocte
563 1832 581 1863 ,.
595 1803 675 1875 quae
696 1793 852 1875 sequuta
869 1793 923 1850 est
940 1801 1119 1876 pugnam,
1140 1777 1229 1848 cita·

159 1888 268 1973 tiore,
283 1913 393 1984 quam
409 1887 496 1959 inde
510 1902 677 1975 venerat,
692 1889 847 1985 agmine,
862 1887 920 1959 die
930 1887 1089 1973 sextoad
1102 1885 1230 1957 stativa

160 2021 225 2074 sua
248 2013 357 2094 atque
382 1998 428 2068 ad
452 1999 597 2071 hostem
615 2000 792 2097 pervenit.
822 2007 897 2070 lter
922 1998 1001 2094 ejus
1025 1997 1232 2095 frequentia

159 2107 300 2180 minore
310 2119 336 2194 ¹,
351 2112 437 2206 quia
451 2135 560 2181 nemo
578 2125 807 2208 praecesserat
823 2111 992 2197 nuntius,
1007 2108 1128 2180 laetitia
1141 2130 1229 2178 vero

160 2231 280 2303 tanta,
297 2219 357 2310 vix
370 2233 412 2289 ut
432 2235 624 2318 compotes
634 2221 820 2296 ¹mentium
839 2245 914 2317 prae
935 2219 1072 2319 gaudio.
1090 2232 1240 2301 essent,

159 2327 383 2407 celebratum
412 2346 465 2405 est
493 2360 501 2403 :
530 2357 616 2404 uam
639 2338 763 2409 Romae
789 2345 919 2406 neuter
944 2332 1057 2401 animi
1083 2329 1230 2401 habitus

159 2439 243 2508 satis
263 2438 334 2511 dici
353 2426 587 2539 enarrarique
604 2455 744 2539 potest,
764 2465 833 2511 nec
851 2464 927 2537 quo
945 2439 1083 2510 incerta
1105 2463 1231 2536 exspe-

160 2550 317 2623 ctatione
341 2566 493 2628 eventus
518 2554 642 2624 civitas
657 2551 797 2638 -fuerat,
818 2575 888 2622 nec
908 2575 984 2646 quo
999 2550 1157 2620 victoriae
1177 2549 1231 2620 fa·

160 2682 256 2727 mam
270 2663 417 2756 accepit.
431 2665 627 2758 Nunquam
642 2685 709 2757 per
723 2685 855 2732 omnes,
865 2660 960 2744 dies,
978 2684 1022 2730 ex
1036 2683 1112 2755 quo
1127 2660 1231 2730 Clau-

161 2765 262 2834 dium
283 2768 472 2838 consulem
492 2768 698 2865 profectum
716 2768 811 2839 fama
830 2767 972 2855 attulit,
990 2767 1036 2837 ab
1054 2783 1136 2839 orto
1155 2770 1231 2841 sole

161 2878 207 2969 ad
226 2878 472 2968 occidentem,
491 2896 553 2951 aut
578 2896 725 2952 senator
742 2880 937 2976 quisquam
960 2903 981 2949 a
1004 2880 1104 2949 curia
1122 2893 1231 2976 atque

160 2988 207 3060 ab
221 2989 489 3088 magistratibus
503 2989 693 3079 abscessit,
707 2986 946 3086 aut'populus
962 3013 981 3061 e
995 2987 1087 3060 foro.
1098 2995 1232 3062 Matro-

160 3126 232 3188 nae,
250 3102 337 3197 quia
349 3100 441 3173 nihil
456 3091 499 3170 in'
509 3102 596 3197 ipsis
612 3101 693 3198 opis
706 3114 802 3188 erat,
824 3101 863 3169 in
880 3123 1007 3196 preces
1021 3098 1234 3171 obtestatio·

160 3293 236 3340 millia
245 3304 342 3340 tantum
353 3290 475 3357 (XLVIII
483 3290 595 3356 peditum
602 3293 672 3350 ‚Vnt
716 3291 772 3354 qut,
785 3292 871 3355 propr.
883 3289 1009 3353 inquiret:
1020 3306 1077 3337 nam
1092 3290 1122 3338 ah
1136 3303 1164 3338 ut
1175 3308 1234 3356 peu·

161 3369 279 3435 equinam)
292 3370 425 3418 adduxisse
440 3367 523 3418 seeum
538 3370 613 3418 tradit
624 3373 674 3435 Ap·
717 3370 768 3418 det.
782 3369 1233 3430 cf.auv‚15,n.7;v1‚2a,n.a,
1304 3379 1306 3383 '

162 3450 229 3512 pion.
238 3451 298 3498 Bell.
309 3452 391 3498 Hauu.
403 3465 425 3497 c.
437 3449 478 3496 52.
717 3461 742 3498 et
750 3449 803 3500 Cic.
815 3449 846 3497 de
858 3452 928 3497 Orat.
938 3451 977 3509 11,
988 3449 1016 3507 6,
1026 3451 1068 3498 23.
1076 3451 1142 3497 Ante
1151 3464 1233 3513 super·

159 3553 163 3561 =
198 3536 222 3584 4.
241 3530 320 3591 Supra
341 3529 391 3576 tria
411 3528 490 3576 millia
512 3527 621 3591 capitum
641 3545 675 3578 ex
717 3529 829 3578 sintPut.
840 3528 910 3576 addit
919 3529 1063 3592 que,Voss.
1078 3540 1102 3576 et
1118 3529 1237 3601 aliiqur':⁸

65 3622 68 3633 ‘
163 3606 262 3677 optimis
277 3608 340 3654 MSS
356 3607 439 3672 recepi
455 3623 502 3673 pro
520 3607 587 3672 vulg.
600 3624 675 3672 supra
719 3608 785 3657 uude
806 3611 918 3657 Gronov.
937 3607 1064 3671 ingeniose
1083 3609 1149 3669 conj.
1171 3608 1235 3670 Quin

162 3694 270 3748 quatuor
282 3701 314 3733 m.
324 3702 344 3733 c.
358 3713 394 3722 -
406 3686 440 3733 Id
447 3685 606 3752 solatiifiu't,
622 3687 675 3735 scil.
719 3687 844 3750 supersint.
865 3687 938 3736 Cous.
957 3686 989 3733 ad
1007 3688 1066 3734 Tac.
1082 3689 1149 3735 Ann.
1164 3690 1235 3747 m,

162 3764 224 3824 illis;
237 3763 287 3811 nisi
296 3763 344 3827 leg.
353 3765 453 3814 solatio.
664 3778 667 3783 ·
722 3767 768 3829 59,
780 3783 806 3814 n.
818 3767 844 3824 5,
857 3777 882 3814 et
893 3765 1010 3813 Schelleri
1020 3768 1079 3814 Lex.

199 3843 223 3890 5.
242 3845 296 3893 Una
312 3843 419 3906 equitum
433 3845 485 3892 ala.
502 3846 549 3894 Ala
566 3846 676 3910 equitum
757 3845 818 3894 Cur.
833 3846 860 3891 t.
874 3859 895 3890 1.
912 3846 964 3891 Iter
977 3845 1029 3910 ejus
1035 3844 1180 3910 frequentia
1191 3846 1236 3894 ml·

161 3932 320 3970 romanorum
341 3921 425 3969 decem
443 3934 536 3972 turmas
555 3925 677 3981 habebam
721 3940 797 3981 nore,
817 3916 980 3987 quamantea.
994 3926 1067 3974 Conf.
1082 3941 1135 3990 cap.
1150 3925 1237 3981 45.-

161 4015 255 4059 turma,
269 4000 368 4065 triginta
379 4001 679 4060 hominennotanteCre
723 4006 817 4050 Neuter
836 4001 914 4051 animi
933 4001 1042 4060 habitus,
1065 4020 1145 4067 neque
1165 4021 1238 4068 quam

161 4082 241 4130 vecie.
256 4081 302 4128 En.
322 4105 357 4116 -
370 4081 508 4144 Srqrersr'm,
525 4081 617 4147 inquit,
633 4082 679 4131 att·
725 4082 825 4130 solliciti
839 4093 863 4131 et
878 4081 945 4130 anxii
959 4071 1045 4132 Romae
1057 4083 1149 4131 fuerint
1159 4083 1240 4132 homi·
