2768 4574
216 326 285 406 242
641 326 679 391 r.
711 324 851 395 mvu
1129 311 1262 419 tin

215 450 453 538 conveheret,
472 450 571 520 unde
595 449 789 536 exercitui,
811 451 875 546 qui
890 448 935 521 ad
952 454 1146 521 Tarentum
1160 452 1293 526 aestiva
1316 456 1322 469 ’

213 576 359 631 acturus
376 574 488 645 esset,
508 574 632 657 posset
652 558 817 656 praeberi.

263 677 322 742 IX.
335 675 513 742 Caeterum
526 671 758 766 transportati
772 668 903 742 milites
912 671 949 741 in
957 672 1113 742 Siciliam
1119 673 1169 760 (et
1179 690 1291 747 eraut

213 782 330 877 major
343 807 425 880 pars
438 781 541 852 latini
554 780 728 850 nominis¹
747 780 1019 878 sociorumque)
1030 802 1146 879 prope
1158 787 1292 881 magni

212 908 334 963 motus
345 917 450 963 causa
458 891 560 962 fuere
572 919 579 960 :
592 890 685 962 adeo
693 912 737 961 ex
750 893 869 987 parvis
883 916 975 990 saepe
987 915 1201 990 magnarum
1210 916 1290 968 mo

211 1018 336 1074 menta
356 1027 480 1074 rerum
503 997 684 1098 pendent!
701 1002 879 1073 Fremitus
898 1004 994 1072 euim
1018 1004 1113 1075 inter
1131 1006 1289 1079 Latinos

211 1115 404 1211 sociosque
427 1115 466 1182 in
489 1112 650 1183 conciliis
668 1125 770 1182 ortus
787 1137 796 1182 ε
813 1117 1005 1183 Decimum
1028 1134 1169 1184 annum
1186 1115 1288 1187 dele·

210 1224 336 1310 ctibur,
345 1222 531 1320 stipendiis
542 1221 742 1292 exhaustos
751 1226 1048 1315 esse.()uotannis
1044 1225 1169 1315 ferme
1175 1224 1289 1298 clade

210 1359 347 1429 magna
352 1356 524 1430 pugnare
538 1359 548 1401 .·
563 1331 654 1402 alios
668 1337 706 1401 in
722 1337 800 1402 acie
813 1333 944 1420 occidi,
959 1333 1050 1404 alios
1065 1334 1193 1405 morbo
1211 1336 1288 1407 ab·

207 1451 306 1515 sumi
310 1472 323 1531 ,·
342 1449 458 1537 magis
468 1448 593 1539 perire
607 1441 679 1511 sibi
695 1448 822 1529 civem,
840 1448 907 1539 qui
925 1443 974 1513 ab
991 1446 1158 1514 Romano
1177 1445 1287 1518 miles

208 1555 317 1624 lectus
335 1559 398 1640 sit,
413 1576 527 1649 quam
543 1558 610 1650 qui
621 1577 646 1621 a
661 1556 776 1622 Poeno
797 1569 924 1650 captus
937 1579 948 1622 .·
963 1559 1097 1652 quippe
1110 1553 1160 1624 ab
1176 1555 1287 1628 hoste

204 1670 319 1760 gratis
339 1668 473 1734 remitti
488 1669 526 1731 in
540 1667 707 1759 patriam
713 1691 726 1749 ,·
746 1662 795 1733 ab
812 1669 988 1734 Romanis
1005 1680 1110 1735 extra
1128 1665 1287 1738 Italiam

210 1781 248 1844 in
264 1773 433 1844 exsilium
447 1778 584 1858 verius,
601 1795 715 1867 quam
730 1779 767 1843 in
781 1773 965 1861 militiam,
978 1774 1151 1871 ablegari.
1170 1779 1286 1849 Octa·

206 1908 296 1954 uum
311 1885 398 1977 jam
416 1881 470 1951 ibi
485 1906 624 1970 annum
641 1907 825 1955 senescere
842 1897 1084 1957 cannensem²
1107 1885 1285 1977 militem,

205 1999 420 2064 moriturum
431 2008 527 2078 ante,
537 2016 651 2088 quam
660 1994 771 2063 Italia
778 1994 890 2066 bostis
898 1998 1050 2093 (quippe
1057 2018 1154 2067 nunc
1163 2020 1286 2094 quum

207 2109 371 2174 maxime
383 2105 527 2198 florens
552 2102 719 2196 viribus)
739 2106 902 2175 excedat.
927 2107 968 2174 Si
987 2121 1123 2176 ueteres
1146 2106 1285 2179 milites

206 2239 279 2284 non
292 2212 444 2283 redeant
456 2219 492 2282 in
498 2219 680 2309 patriam,
697 2220 781 2283 novi
792 2212 973 2308 legantur,
989 2213 1087 2284 brevi
1096 2220 1286 2288 neminem

203 2325 484 2419 superfuturum.
514 2327 659 2418 Itaque,
684 2324 787 2419 quod
796 2324 1014 2420 propediem
1033 2349 1088 2395 res
1107 2330 1188 2422 ipsa
1214 2353 1286 2398 ne-

201 2422 334 2525 gatura
349 2437 409 2517 sit,
420 2435 529 2527 prius
544 2456 657 2526 quam
671 2432 725 2501 ad
736 2432 902 2503 ultimam
918 2433 1149 2505 solitudinem
1166 2452 1287 2534 atque

200 2555 394 2634 egestatem
400 2545 632 2636 perveniant,
648 2542 856 2635 negandum
864 2543 1009 2640 populo
1019 2568 1173 2616 romano
1185 2571 1283 2620 esse.
1326 2590 1329 2599 ·

204 2654 244 2720 Si
256 2655 512 2720 consentientes
533 2654 569 2717 in
588 2649 658 2718 boc
672 2656 787 2720 socios
803 2652 957 2722 videant
966 2659 1141 2741 Romani,
1149 2660 1285 2752 prose-

204 2776 260 2831 cto
279 2761 325 2830 de
336 2784 435 2857 pace
456 2784 538 2830 cum
560 2759 917 2854 Carthaginiensibus
925 2764 1121 2859 jungenda
1137 2773 1283 2862 cogita-

203 2887 312 2940 turos.
337 2868 456 2939 Aliter
476 2894 701 2965 numquam,
728 2876 811 2939 vivo
829 2873 1060 2960 Hannibale,
1080 2879 1160 2944 sine
1181 2875 1284 2949 bello

162 3026 165 3037 ·
204 2980 351 3050 Italiam
358 2979 458 3070 fore.
481 2985 564 3048 Haec
588 2994 666 3049 acta
684 2981 722 3048 iu
741 2978 912 3050 conciliis.
938 2983 1100 3078 Triginta
1120 2997 1201 3054 tum
1221 3010 1285 3058 co-

204 3090 309 3160 louiae
327 3088 456 3186 populi
473 3089 614 3157 romani
634 3085 762 3159 erant³
779 3115 786 3155 :
803 3114 848 3159 ex
869 3090 913 3160 iis
930 3088 1142 3176 duodecim,
1157 3117 1285 3189 quum

239 3274 300 3322 Cur.
310 3272 358 3320 11.
369 3285 391 3317 1.
401 3268 485 3317 Latini
494 3270 611 3327 nominis;
621 3270 672 3318 vid.
682 3270 715 3318 ud
760 3271 871 3320 deductae
885 3285 954 3321 erunt
970 3271 1001 3337 (e
1019 3275 1107 3338 quibus
1124 3275 1200 3325 initio
1217 3277 1286 3330 beili

203 3355 229 3410 Ι,
243 3367 286 3410 10,
300 3367 326 3398 n.
338 3365 363 3398 α.
376 3376 413 3386 -
425 3351 467 3395 Ex
474 3349 558 3412 parvis
569 3365 715 3414 magnarum
758 3351 844 3416 punici
858 3353 962 3400 secundi
972 3369 1025 3401 uon
1037 3355 1085 3401 uiui
1098 3355 1178 3403 m
1190 3372 1286 3423 supen-

204 3427 546 3492 momentarerumpendent‚·
556 3428 652 3475 vidend
662 3431 715 3486 111,
759 3431 828 3477 stites
838 3431 919 3495 eraut)
931 3446 937 3479 ε
952 3432 1076 3490 Medulla,
1089 3433 1222 3494 Cameria,
1240 3440 1285 3487 Fi·

204 3526 247 3571 27,
257 3526 282 3556 n.
291 3510 316 3556 6.
329 3534 364 3544 -
375 3506 519 3554 Eabarrstos
532 3523 582 3555 esse
596 3524 636 3566 κς
647 3509 715 3570 quod
759 3509 841 3566 dena,
851 3512 988 3566 Antrumoe,
1001 3511 1174 3568 enarum.
1189 3515 1283 3577 Ostia,

202 3593 265 3637 forte
276 3586 377 3636 excidit.
760 3586 858 3650 Signia,
872 3587 970 3645 Circeii,
981 3589 1058 3646 Cora,
1071 3591 1203 3649 Pometia,
1217 3598 1286 3647 Veli-

238 3685 263 3717 u.
273 3668 423 3714 Cannensem
436 3664 547 3720 militem,
556 3676 603 3713 etc.
609 3664 673 3712 Vide
683 3666 716 3713 ad
760 3677 816 3722 tra,
829 3683 851 3715 a.
866 3669 897 3716 U.
911 3669 974 3727 2603
986 3670 1087 3726 Norba,
1102 3687 1124 3717 n.
1139 3672 1208 3733 262;
1225 3679 1286 3724 Aa.

202 3750 309 3806 xxm,
324 3745 367 3805 25,
379 3761 407 3793 n.
417 3745 441 3792 5.
759 3744 833 3802 tium,
851 3763 873 3794 u.
887 3747 938 3794 285
951 3748 1160 3808 et413;Ardca‚
1175 3767 1200 3800 a.
1213 3754 1287 3818 ³1²3

238 3828 261 3873 3.
270 3825 381 3890 Triginta
389 3836 440 3871 tum
449 3822 644 3886 coloniaepopuli
652 3838 712 3870 rom.
758 3824 849 3882 Larici,
858 3843 880 3872 a.
890 3826 950 3886 3373
956 3826 1066 3885 Vitellia,
1075 3828 1184 3878 Sunium
1190 3830 1287 3898 (qum

202 3916 286 3961 erant,
298 3918 352 3967 quae
363 3903 412 3950 hoc
423 3915 508 3965 etseq.
520 3918 573 3966 cap.
584 3903 714 3949 uominan-
758 3904 881 3951 colonium
889 3905 1015 3954 Diodorus
1025 3922 1047 3953 a.
1062 3907 1127 3966 366,
1139 3919 1165 3956 et
1174 3911 1249 3962 Veli.
1259 3917 1288 3975 1,

201 3995 249 4031 tur,
267 3983 331 4040 Sed,
344 3981 412 4045 quod
430 3980 514 4045 Sigon.
530 3980 640 4038 monuit,
654 3982 713 4028 Dio·
761 3989 806 4041 14,
817 3999 839 4030 a.
859 3983 907 4044 37²
926 3985 1056 4033 deductam
1074 3983 1182 4056 uadit);
1195 3991 1288 4043 Satri.

200 4063 273 4126 nysio
286 4062 405 4122 Livioque
419 4059 574 4121 auctoribus,
588 4060 637 4121 jum
655 4062 713 4108 LIII
757 4077 820 4120 crim,
833 4079 854 4108 a·
865 4064 913 4124 372
925 4064 956 4130 (si
966 4064 1033 4128 apud
1040 4065 1179 4131 Volteium,
1189 4071 1219 4131 1,
1236 4083 1290 4139 η,
