2768 4574
1110 307 1137 344 Α.
1148 307 1173 346 C.
1185 309 1232 353 204.

197 344 265 416 518
600 333 640 398 Τ.
675 329 812 397 LlVll
1111 363 1232 413 unsis.

196 491 240 536 ex
255 459 380 532 salaria
395 478 538 527 annona
553 463 754 522 statuerunt
770 458 952 516 :sextante
965 446 1016 515 sal
1031 460 1068 516 et
1083 451 1206 517 Romae
1220 463 1259 518 et

197 598 262 672 per
281 584 395 641 totam
417 566 553 637 Italiam
576 575 669 647 erat;
694 565 815 629 Romae
835 556 953 653 pretio
977 556 1121 644 eodem,
1143 559 1260 655 pluris

197 686 233 752 in
254 682 341 752 foris
361 693 397 750 et
415 672 677 758 conciliabulis,
697 682 733 740 et
755 669 825 737 alio
848 666 934 737 alibi
953 670 1068 766 pretio
1092 669 1260 766 praeben·

197 790 285 860 dum
303 790 522 859 locaverunt.
546 781 589 853 Id
609 778 759 874 vectigal
778 793 1025 848 commentum
1045 779 1198 850 alterum
1215 805 1260 850 ex

199 897 409 972 censoribus
423 897 506 966 satis
520 889 733 973 credebant,
752 888 889 985 populo
910 888 1056 976 iratum,
1072 889 1173 986 quod
1190 891 1261 989 ini.

198 1034 273 1106 quo
296 1006 434 1102 judicio
461 1001 646 1100 quondam
671 996 860 1068 damnatus
886 1011 999 1086 csset3
1026 1013 1071 1069 ct
1085 1001 1121 1069 in
1142 1001 1260 1097 pretio

199 1119 280 1189 salis
303 1119 458 1186 maxime
489 1125 654 1184 oneratas
676 1106 813 1193 tribus,
836 1133 992 1204 quarum
1018 1133 1128 1207 opera
1157 1110 1262 1181 dam-

199 1242 305 1299 natus
322 1240 415 1315 erat,
441 1222 638 1296 credebant
656 1247 664 1290 ε
682 1216 767 1288 inde
784 1218 974 1290 Salinatori
986 1222 1086 1292 Livio
1103 1222 1262 1292 inditum

200 1362 412 1434 cognomen.
430 1339 602 1406 Lustrum
620 1329 827 1402 condituml
845 1331 975 1420 serius,
989 1333 1076 1428 quia
1096 1357 1163 1430 per
1181 1357 1264 1430 pro·

200 1545 345 1609 cogebatur,
357 1540 554 1605 erantpublicae,
571 1537 612 1585 vsi
625 1537 710 1582 Romae
753 1531 801 1579 Sed
812 1535 938 1595 quomodo
951 1533 1005 1583 fieri
1020 1534 1144 1599 potnerit,
1164 1547 1194 1584 ut
1210 1536 1266 1584 alioe

198 1626 239 1672 vel
251 1624 279 1671 in
290 1621 439 1686 provinciis,
453 1631 477 1668 et
489 1618 613 1680 mancipes
625 1614 710 1662 salina·
753 1609 831 1659 trihus
840 1614 929 1676 magis,
943 1613 995 1661 nliae
1009 1615 1103 1670 minus,
1119 1615 1146 1660 in
1159 1631 1191 1661 eo
1204 1631 1267 1663 oue·

199 1718 254 1751 rum
264 1701 352 1759 fereii,
365 1700 408 1764 qui
419 1700 526 1748 damnati
536 1699 563 1745 in
577 1712 616 1744 eas
629 1694 710 1741 detru-

201 1781 338 1838 debantur‚
363 1790 391 1827 ut
413 1780 455 1827 elii
476 1779 503 1825 in
524 1776 633 1833 metalla3
653 1772 710 1819 vide

201 1861 285 1908 burm.
296 1859 327 1906 de
335 1859 431 1922 Vectig.
446 1857 533 1922 populi
544 1871 605 1902 rom.
617 1869 670 1915 cap.
680 1852 708 1909 6,

200 1957 226 2005 p.
235 1955 281 2001 90,
294 1953 335 2001 91.
344 1940 451 1985 Annona
459 1936 566 1992 salaria,
577 1940 710 1998 proventus

202 2030 227 2066 st
238 2018 344 2082 pretium
354 2019 423 2077 salis,
436 2016 505 2081 quod
515 2012 645 2079 quotannis
654 2026 711 2058 ven·

202 2097 313 2144 debatur.
336 2097 407 2146 Conf.
423 2097 533 2152 XXXV,
552 2101 584 2149 44
600 2102 663 2139 extr.
677 2115 712 2125 -

202 2177 319 2221 Sextante
337 2176 377 2222 sal
393 2187 417 2222 et
434 2177 517 2221 Ilomoe
532 2185 557 2219 et
571 2187 618 2235 per
635 2181 714 2216 totam

202 2252 305 2300 Italiam
321 2263 378 2299 ante
395 2253 443 2300 hoc
462 2252 566 2314 vectigal
585 2252 713 2298 inventum

203 2342 271 2386 erat,
287 2331 340 2376 scil.
350 2332 447 2388 venale,
458 2343 486 2378 ut
499 2331 589 2395 passim
601 2344 650 2375 esse
666 2343 713 2392 pro

203 2408 293 2455 nmale
304 2424 354 2455 esse
369 2420 411 2455 aut
424 2409 522 2464 valere,
543 2419 571 2456 ut
580 2409 710 2459 xxm,

205 2494 253 2545 44,
271 2502 298 2534 n.
316 2503 348 2546 ²3
362 2487 428 2552 apud
447 2487 499 2536 cte.
510 2487 581 2533 Vsrr.
595 2488 648 2542 111,
666 2485 698 2545 75
706 2502 714 2544 ;

205 2566 280 2614 offis.
292 2569 344 2627 III,
356 2568 404 2626 ad,
423 2578 448 2614 et
457 2569 531 2614 Rose.
542 2567 611 2617 Com.
623 2581 663 2615 12.
674 2565 712 2614 cf,

208 2647 285 2694 Gron.
296 2647 327 2694 ‹le
336 2648 393 2694 Pes.
404 2649 460 2695 Vct.
474 2647 523 2704 tv,
535 2661 561 2703 1,
577 2662 603 2709 p.
613 2645 678 2704 261,
689 2655 714 2693 et

207 2726 375 2783 desertam,
391 2726 452 2774 ibid.
464 2727 510 2782 IV,
522 2741 560 2773 ra.
578 2726 623 2772 Sal
633 2738 714 2774 antem

204 2804 230 2851 b.
239 2805 256 2852 l.
267 2821 314 2868 pro
327 2815 393 2852 certa
405 2821 516 2852 memore
529 2806 585 2853 salis
599 2805 662 2863 dici,
687 2817 716 2854 ut

198 2880 351 2946 frumentum
362 2899 409 2947 pro
428 2883 509 2931 modio
520 2883 654 2948 frruncnd,
670 2884 714 2932 lib.

206 2962 310 3020 ml,
321 2969 350 3020 4,
361 2963 417 3010 coll.
431 2979 484 3027 cap,
498 2963 543 3022 50,
553 2975 578 3011 et
588 2962 655 3027 apud
663 2964 714 3014 Cic.

209 3042 282 3087 Verr.
296 3043 346 3099 III,
366 3042 397 3088 83
412 3059 448 3105 sq.
459 3077 466 3101 ,
476 3038 528 3109 jam
540 3044 637 3091 monuit
646 3043 713 3092 nuk.

210 3146 244 3156 -
254 3122 337 3167 Romae
346 3122 428 3184 pretio
441 3121 539 3178 eodem,
559 3123 649 3181 veteri,
663 3140 716 3170 sex·

207 3209 274 3246 tante
282 3233 289 3258 ,
298 3199 377 3261 pluris
389 3200 416 3256 in
423 3199 490 3264 soris
500 3211 525 3246 et
537 3201 717 3259 conciliabulis,-

209 3277 267 3324 vide
281 3277 312 3324 ad
325 3279 409 3336 XXV,
424 3279 452 3336 5,
466 3295 490 3326 n.
504 3280 527 3326 3.
546 3307 582 3315 -
599 3280 712 3341 Quod...

211 3357 343 3403 damnatus
357 3369 429 3414 esset;
445 3359 502 3405 vide
519 3358 551 3405 ad
568 3360 657 3416 XXII,
675 3361 716 3420 35,

752 1700 810 1737 rstae
819 1691 924 1750 fuerint,
938 1709 969 1740 ex
976 1693 1028 1750 bis,
1040 1710 1094 1757 quae
1104 1693 1144 1740 bic
1153 1695 1267 1742 scribun-

752 1777 801 1827 tur,
813 1786 865 1817 non
873 1772 1005 1836 perspicio,
1017 1783 1041 1821 et
1053 1773 1084 1821 ab
1095 1772 1139 1830 iis,
1152 1774 1197 1836 qni
1209 1774 1267 1837 plus

752 1847 851 1907 vident,
866 1850 959 1899 discere
976 1853 1059 1916 cupio.
1077 1853 1140 1901 Nam
1161 1868 1193 1899 ex
1211 1868 1269 1900 om·

753 1929 825 1977 nibus
838 1930 951 1978 tribubus
964 1931 1007 1978 alii
1020 1933 1085 1980 cives
1098 1932 1184 1979 Romae
1196 1932 1270 1980 babi-

755 2010 853 2068 tabant,
870 2010 912 2057 alii
930 2027 974 2074 per
990 2011 1044 2058 fora
1059 2022 1083 2058 et
1102 2011 1270 2059 conciliabula

754 2089 850 2152 aliaque
860 2090 935 2138 tuliae
946 2090 1000 2137 loca
1012 2091 1089 2154 sparsi
1101 2103 1184 2150 erant;
1195 2103 1235 2150 et,
1248 2092 1271 2139 si

756 2169 791 2217 eal
803 2169 882 2217 veteri
888 2168 970 2233 pretio
981 2172 1066 2218 Romae
1076 2171 1195 2235 praebitus
1206 2171 1271 2228 suit,

756 2249 800 2312 qni
813 2265 844 2296 ex
855 2249 970 2296 xxxiv
982 2248 1095 2297 tribubus
1108 2250 1135 2298 in
1145 2250 1213 2298 Urbe
1226 2250 1272 2298 de-

757 2328 859 2391 gebant,
870 2328 897 2374 in
910 2343 940 2376 eo
955 2344 1007 2377 non
1022 2330 1097 2393 magis
1108 2331 1204 2377 onerati
1215 2332 1273 2379 lire·

756 2419 829 2464 runt‚
842 2423 915 2470 qoam
931 2409 975 2472 qui
990 2425 1020 2456 ex
1033 2410 1135 2470 Macrin
1148 2425 1213 2468 nec,
1227 2412 1272 2474 qui

757 2503 788 2534 ex
796 2488 883 2534 Maecia
893 2499 961 2535 extra
967 2488 1058 2536 Urbem
1071 2488 1097 2534 in
1106 2488 1167 2536 foris
1177 2501 1203 2536 et
1211 2506 1274 2538 con·

757 2565 877 2613 ciliahulis
892 2566 993 2631 aliisque
1005 2567 1081 2614 Inliae
1093 2567 1172 2626 locis,
1187 2569 1274 2619 minus

758 2658 833 2708 quam·
847 2645 893 2693 illi.
907 2667 920 2687 ι
947 2646 1083 2694 Annoutio
1108 2647 1186 2695 Doer.
1209 2659 1251 2695 est
1266 2661 1273 2696 :

758 2745 770 2763 u
779 2724 888 2771 maxime
896 2736 1012 2773 oneratas
1020 2725 1095 2774 tribus
1099 2760 1109 2783 ‚
1121 2725 1175 2773 scil.
1183 2741 1275 2774 omnes

757 2814 846 2865 praeter
858 2804 977 2851 Maeciam.
995 2805 1082 2867 ltaque
1099 2820 1184 2852 omnes
1203 2806 1275 2854 cives

758 2884 867 2942 romani,
887 2899 919 2930 ne
932 2883 1019 2931 Maecia
1036 2883 1146 2947 quidem,
1160 2896 1189 2931 nt
1203 2885 1276 2933 vide·

758 2975 810 3021 tur,
835 2961 901 3010 tribu
923 2952 1042 3027 excepta,
1063 2964 1125 3010 novi
1141 2960 1276 3028 bertigalis

759 3058 822 3090 onus
844 3055 981 3091 senseram.
1006 3040 1185 3107 Difficultates,
1210 3060 1276 3106 ques

759 3122 872 3170 Dukerns
894 3122 942 3170 sibi
961 3123 1073 3186 peperit,
1097 3131 1189 3171 aona
1213 3135 1277 3171 sunt

759 3202 829 3260 inde,
839 3202 907 3265 quod
920 3202 994 3250 verba
1005 3202 1087 3267 pretio
1100 3201 1184 3249 eodem
1196 3201 1236 3264 (b.
1248 3219 1274 3250 e.

760 3281 856 3346 pretio,
870 3282 938 3346 quod
948 3283 1022 3329 mmel
1033 3296 1179 3346 pernoram
1193 3281 1275 3327 vecti·

762 3361 802 3425 gal
810 3352 972 3409 constitutum
981 3372 1059 3419 esset,
1075 3374 1124 3407 uno
1133 3357 1276 3421 eodemque

209 3451 234 3483 n.
248 3437 271 3482 3.
288 3462 324 3471 --
342 3436 376 3481 lt't
394 3435 419 3482 in
435 3437 516 3499 pretio
534 3438 593 3484 salis
612 3439 719 3486 maxims
762 3456 805 3487 seu
814 3439 972 3504 aequali)pro
980 3450 1061 3487 vetere
1069 3437 1164 3502 pretio,
1175 3449 1275 3485 sextan-

211 3525 326 3561 onemtas
333 3515 416 3573 tarbua,
425 3532 529 3580 quarum
536 3532 611 3580 opera
617 3516 719 3565 damna·
763 3529 800 3576 te,
811 3520 906 3583 accepit
916 3541 936 3568 a.
948 3517 1007 3566 Non
1016 3517 1072 3565 satis
1082 3516 1157 3580 capio
1163 3529 1274 3565 mentem

211 3604 249 3640 tus
266 3603 322 3639 erat
342 3592 418 3658 (quas
435 3596 508 3642 fuisse
531 3612 614 3643 omnes
630 3608 718 3658 praeter
762 3598 809 3645 viri
821 3598 898 3647 docti.

211 3671 337 3729 Manciam,
359 3687 419 3720 mox
438 3675 615 3740 memoratur),
636 3676 717 3722 crede·
798 3684 822 3732 4.
835 3680 949 3725 Lustrum
963 3675 1090 3725 corsditam
1105 3672 1177 3738 (vide
1195 3674 1228 3721 ad
1245 3677 1275 3731 l,

213 3749 283 3805 bant,
294 3751 368 3798 verba
379 3750 503 3812 difficilia,
514 3770 568 3816 quae
581 3754 653 3801 nobis
666 3771 718 3802 non
763 3763 795 3810 44
804 3758 817 3814 ,¹
825 3773 850 3805 n.
863 3756 890 3820 3)
903 3757 992 3813 urias,
1005 3754 1066 3820 qnia
1077 3768 1124 3818 per
1130 3753 1274 3817 provhtcias

211 3827 287 3887 nangis
299 3827 395 3887 lucent,
406 3846 479 3893 quam
488 3832 600 3889 Dukero,
614 3834 656 3895 qui
665 3834 718 3882 haec
761 3834 904 3883 dimiserunt
915 3850 1039 3892 censores,
1058 3845 1098 3891 tet,
1112 3845 1161 3881 etc.
1174 3831 1232 3880 vide
1241 3833 1276 3880 ad

213 3905 323 3953 notavit:
337 3929 350 3948 ιι
360 3909 439 3956 Facile
448 3911 551 3975 intelligi
558 3923 653 3977 potest,
662 3930 717 3976 pre·
761 3915 833 3971 Vlll,
845 3916 906 3978 ξἰ9,
924 3932 950 3964 n.
964 3931 1003 3962 ro.
1016 3916 1083 3963 Note
1101 3911 1196 3961 Dukeri
1218 3923 1273 3960 est:

214 3983 275 4033 tium
291 3984 360 4044 salis,
377 4004 444 4036 novo
459 3990 575 4054 imposito
590 3993 715 4055 vectigali,
762 3994 914 4042 «Census-am
928 4005 987 4057 post
999 3993 1077 4058 legem
1093 3994 1171 4040 Mun.
1180 3991 1273 4039 AEmilii

138 4066 140 4073 '
213 4063 355 4130 nunidem,
371 4067 439 4128 quod
454 4081 525 4128 ante,
539 4072 716 4134 essepotuisee
760 4089 864 4121 annuam
882 4085 908 4137 et
929 4083 1068 4122 summ
1086 4071 1178 4132 tune,
1199 4084 1275 4120 nemo
