2768 4574
182 325 309 434 tata
348 349 441 415 sui.
468 346 607 414 xxix.
635 345 739 413 oar.
768 347 903 412 xxiv.
931 346 1048 412 xxv.
1136 341 1206 440 493

155 468 217 554 sit,
227 479 268 536 ut
278 488 384 536 naves
397 465 569 536 onerariae
578 462 845 559 comprehensae
854 459 867 504 ³
877 461 1071 558 Lilybaeum
1081 488 1207 534 omnes

156 574 467 645 contraherentur.
486 571 673 668 Quidquid
691 570 845 642 militum
865 573 1081 667 naviumque
1100 575 1136 642 in
1152 577 1207 644 Si-

155 684 234 755 cilia
252 698 344 769 erat,
364 707 477 778 quum
491 681 688 778 Lilybaeum
701 682 969 768 convenissent,
984 696 1019 751 et
1037 707 1103 753 nec
1120 683 1208 779 urbs

155 793 424 864 multitudinem
446 792 654 877 hominum,
678 815 744 860 nec
768 804 894 887 portus
919 814 1027 860 nares
1048 805 1207 885 caperet,

156 917 276 974 tantus
295 901 465 974 omnibus
485 901 592 972 ardor
613 916 688 972 erat
707 903 746 971 in
761 899 913 972 Africam
932 898 1148 992 trajiciendi,
1168 915 1208 968 ut

155 1037 230 1083 non
246 1012 291 1082 ad
304 1010 442 1083 bellum
460 1010 544 1082 duci
560 1011 787 1097 viderentur,
804 1009 866 1080 sed
885 1010 930 1081 ad
948 1024 1043 1079 certa
1060 1009 1210 1079 victoriae

154 1123 311 1220 praemia.
328 1122 524 1217 Praecipue,
539 1122 603 1217 qui
622 1119 839 1217 superabant
860 1144 903 1189 ex
923 1118 1094 1189 cannensi
1110 1142 1208 1187 exer·
1285 1199 1288 1207 ¹

156 1234 264 1318 citus,
290 1232 419 1302 milites
436 1231 517 1318 illo,
536 1255 612 1301 non
631 1231 702 1301 alio
720 1229 829 1314 duce,
853 1225 1063 1315 credebant,
1083 1242 1210 1296 navata

156 1340 364 1440 reipublicae
393 1367 521 1438 opera,
547 1340 651 1412 finire
680 1366 717 1410 se
749 1339 910 1409 militiam
937 1337 1210 1433 ignominiosam

156 1475 271 1547 posse.
294 1455 338 1521 Et
356 1452 474 1546 Scipio
491 1451 639 1520 minime
658 1449 695 1519 id
717 1472 830 1546 genus
846 1446 1000 1516 militum
1020 1445 1210 1543 adsperna-

156 1559 283 1646 batur,
297 1574 339 1631 ut
352 1561 416 1655 qui
429 1584 548 1655 neque
566 1559 610 1629 ad
624 1564 763 1630 Cannas
781 1557 920 1652 ignavia
934 1580 1059 1625 eorum
1073 1555 1208 1625 cladem

156 1672 336 1766 acceptam
359 1669 479 1755 sciret,
496 1693 617 1763 neque
636 1667 728 1737 ullos
746 1690 847 1762 aque
866 1678 1003 1734 veteres
1021 1664 1150 1733 milites
1173 1665 1210 1732 in

156 1779 316 1855 exercitu
332 1802 483 1848 romano
506 1801 582 1848 esse
603 1790 842 1873 expertosque
863 1799 938 1845 non
962 1775 1065 1842 variis
1083 1773 1211 1870 praeliis
1294 1802 1296 1806 ’

156 1888 283 1973 modo,
297 1887 359 1958 sed
370 1884 520 1957 urbibus
532 1887 639 1966 etiam
650 1884 913 1982 oppugnandis.
924 1885 1058 1972 Quinta
1069 1898 1104 1953 et
1115 1897 1212 1953 sexta

156 2019 351 2076 cannenses
370 2008 472 2065 erant
490 1994 659 2090 legiones.
679 1999 746 2064 Eas
766 2018 803 2065 se
821 1993 1052 2087 trajectarum
1066 1994 1105 2063 in
1119 1991 1211 2063 Afri-

59 2153 62 2159 ·
156 2127 234 2172 cam
248 2127 362 2199 quum
375 2103 537 2187 dixisset,
549 2103 709 2200 singulos
722 2104 851 2173 milites
865 2090 1021 2200 inspexit
1032 2100 1057 2190 ⁵,
1067 2103 1213 2173 relictis·

156 2238 247 2310 que,
258 2238 350 2309 quos
365 2239 441 2284 non
451 2214 602 2284 idoneos
615 2212 799 2299 credebat,
809 2215 846 2281 in
861 2213 979 2283 locum
993 2237 1116 2283 eorum
1131 2211 1213 2282 sub-

154 2325 256 2418 jecit,
277 2349 371 2419 quos
389 2348 509 2395 seeum
535 2349 580 2395 ex
599 2323 699 2394 ltalia
722 2323 938 2409 adduxerat;
959 2323 1212 2420 supplevitque

157 2435 205 2504 ita
218 2458 277 2505 eas
296 2433 470 2531 legiones,
481 2449 522 2503 nt
540 2434 686 2530 singulae
700 2457 785 2503 sena
802 2434 910 2503 millia
925 2448 960 2502 et
977 2432 1136 2502 ducenos
1150 2456 1212 2529 pe·

157 2542 440 2631 dites‚trecenos
451 2543 626 2614 haberent
640 2544 798 2638 equites:
817 2544 995 2613 sociorum
1010 2543 1097 2613 item
1112 2542 1212 2611 latini

158 2653 315 2721 nominis
331 2651 467 2748 pedites
478 2653 689 2746 equitesque
699 2649 744 2720 de
755 2650 914 2719 exercitu
928 2648 1099 2716 cannensi
1114 2647 1209 2739 legit.

206 2764 314 2829 XXV.
334 2764 518 2848 Quantum
531 2761 685 2829 rnilitum
704 2760 741 2828 in
758 2757 912 2828 Africam
928 2771 1209 2853 transportatum
1251 2760 1253 2767 ’

159 2871 216 2952 sit,
228 2893 302 2937 non
314 2891 427 2964 parvo
441 2892 594 2938 numero
606 2869 701 2938 inter
717 2880 879 2936 auctores
895 2864 1071 2961 discrepat
1081 2874 1106 2933 ¹.
1119 2863 1214 2935 Alibi

159 3044 280 3095 instructis
286 3045 468 3110 apparatisque.
478 3048 508 3093 In
517 3044 663 3095 cuntant.
707 3048 779 3093 Forte
792 3045 839 3108 leg.
851 3045 928 3092 ullo.»
942 3044 1034 3095 Duker.
1048 3045 1105 3092 Non
1119 3044 1214 3093 dubitat

159 3125 220 3176 ratu
228 3124 285 3190 Jam
298 3141 336 3182 a.,
351 3136 375 3172 et
387 3141 438 3171 vox
451 3123 625 3188 apparatisque
638 3124 664 3170 in
707 3125 794 3183 Dcer.,
804 3126 864 3187 quin
876 3123 958 3188 Scipio
972 3139 1082 3181 omnem,
1100 3124 1140 3171 cni
1150 3140 1214 3171 nunc

159 3205 228 3255 nullo
241 3204 290 3252 lere
301 3205 347 3251 Ms
358 3203 455 3266 legitur.
707 3203 760 3268 ipse
768 3203 906 3267 praefuerit,
919 3200 1053 3250 exercitum
1062 3202 1215 3250 intellexerit

195 3284 218 3332 3.
238 3283 316 3329 Nares
335 3281 456 3328 carraria
476 3279 665 3346 comprabatum
744 3282 769 3330 5.
787 3282 898 3347 Singulos
918 3281 1003 3329 milites
1023 3281 1144 3345 inspexit,
1169 3296 1216 3327 noc

159 3361 215 3409 vide
227 3360 259 3408 ad
271 3361 373 3419 xm,
393 3377 418 3420 7,
429 3376 454 3408 n.
466 3367 490 3415 t.
709 3361 827 3409 dicimus:
847 3376 874 3406 cr
894 3371 1006 3407 martem
1023 3360 1058 3407 sie
1080 3362 1158 3408 Manu
1168 3357 1216 3423 ᾖν

196 3447 219 3494 4.
239 3439 286 3500 Qui
299 3439 448 3502 separabant
460 3437 531 3503 (vide
547 3439 579 3486 ad
590 3441 665 3497 VIII,
709 3441 801 3495 Marum
815 3441 888 3487 Doer.
905 3465 939 3474 -
954 3440 1069 3485 Trecenas
1082 3437 1213 3495 baberent,

163 3533 207 3576 ro,
221 3533 246 3564 n.
262 3516 286 3580 ι)
299 3532 331 3565 ca
344 3516 462 3565 cannensi
469 3516 589 3573 exercitu,
602 3517 664 3565 miti-
709 3519 791 3577 idest,
800 3528 965 3575 trecentenos3
975 3517 1009 3563 irc
1017 3516 1157 3578 legendum,
1165 3531 1216 3563 non

160 3595 431 3657 ecs...pcsse;ridead
441 3596 664 3654 xxm,25‚n.5.
710 3597 825 3652 tricenos,
848 3595 916 3659 quod
937 3612 950 3643 a
970 3593 1070 3659 triginta
1088 3594 1217 3654 derivatur,

160 3675 289 3735 -Ncqnc
308 3673 368 3721 ullos
385 3690 454 3739 oeqroe
470 3685 563 3721 veteres
581 3674 666 3722 militas
710 3686 794 3723 mouet
812 3668 958 3732 Glareanus,
978 3675 1020 3736 qui
1034 3672 1083 3720 boc
1097 3673 1216 3737 imperitis

161 3752 186 3799 r'n
199 3748 307 3798 exercitu
324 3768 451 3802 ramesse.
468 3755 520 3800 alu
535 3768 583 3816 quo
596 3753 665 3801 exer·
708 3770 735 3802 cc
745 3765 831 3801 notare
839 3753 943 3816 ait,quin
950 3751 1103 3799 librariorum
1113 3763 1215 3800 erratum

161 3829 294 3876 citulnam
308 3829 379 3877 multi
394 3841 445 3879 tum
460 3842 528 3879 crant
545 3833 665 3880 exercitus
708 3833 810 3880 horest
831 3833 857 3879 in
878 3831 991 3879 omnibus
1014 3831 1062 3877 llere
1082 3830 1215 3881 codicibus.

156 3907 327 3967 romarii3ncc
339 3907 369 3954 de
380 3908 666 3972 Scipioniaexcccltuin·
709 3913 764 3959 Hoc
785 3910 835 3974 jain
854 3910 949 3958 viderat
964 3911 991 3955 Ι..
1002 3908 1086 3966 Valla,
1108 3909 1216 3972 Elegant.

161 3986 237 4049 telligi
251 3997 342 4050 potest,
354 3987 396 4049 qni
413 4002 456 4034 cur
471 3989 538 4036 solus
549 3989 667 4037 exercitus
710 3989 752 4038 lib.
764 3991 817 4046 111,
830 4005 883 4053 cap.
895 3989 917 4035 5.
930 3989 975 4036 En.

162 4082 276 4117 romanat
290 4065 339 4113 (lici
353 4065 453 4124 debeat,
472 4082 544 4115 caum
558 4084 608 4115 non
624 4079 666 4116 est.
747 4067 808 4115 Car.
824 4067 907 4113 XXV.
928 4082 949 4115 ι.
966 4068 1033 4112 Inter
1045 4076 1154 4114 ararum
1168 4064 1216 4112 dis-
