2768 4574
191 301 259 369 208
610 302 648 367 r.
683 302 824 368 mvn
953 370 956 375 ,
1107 286 1256 409 11112ῗίΙ

188 422 391 520 periculum
415 420 684 492 ostendebatur.
713 420 782 493 Ubi
806 420 934 492 urbem
959 425 1035 495 sine
1059 429 1262 499 certamine

189 535 385 620 intravere,
404 547 561 630 pergunt
580 533 683 622 inde,
703 548 842 630 quanto
857 535 1014 606 maximo
1029 560 1137 607 cursu
1148 553 1261 636 pote-

188 658 289 731 rant,
309 643 353 712 ad
376 667 454 713 earn
473 659 633 740 portam,
655 645 747 714 circa
766 668 875 740 quam
895 670 1004 722 omne
1027 663 1261 720 contractum

189 768 371 845 certamen
388 768 474 824 erat.
491 758 534 823 In
549 752 651 851 quod
663 753 754 825 adeo
768 755 898 824 intenti
913 757 1079 826 omnium
1095 783 1171 828 non
1186 762 1263 832 ani-

189 867 238 936 mi
257 865 375 936 solum
400 861 523 952 fuere,
546 864 609 936 sed
632 867 740 936 etiam
763 865 857 935 oculi
883 890 1062 964 auresque
1088 894 1260 967 pugnan-

189 978 280 1047 tium
297 977 613 1073 spectantiumque
633 992 669 1046 et
688 974 958 1047 adhortantium
976 995 1197 1074 pugnantes,
1216 998 1260 1053 ut

191 1113 300 1159 nemo
323 1103 406 1159 ante
431 1086 475 1157 ab
497 1102 598 1184 tergo
626 1087 778 1158 senserit
801 1102 942 1184 captam
970 1087 1119 1180 urbem,
1144 1116 1260 1188 quam

190 1197 261 1269 tela
279 1200 318 1267 in
334 1223 477 1268 aversos
494 1196 720 1284 inciderunt,
739 1212 774 1268 et
785 1200 969 1296 utrimque
985 1202 1179 1299 ancipitem
1193 1202 1262 1274 ho-

191 1305 303 1381 stem3
315 1308 509 1379 habebant.
519 1313 637 1396 Tunc,
649 1305 801 1378 turbatis
815 1306 1070 1381 defensoribus
1084 1326 1205 1399 metu,
1221 1328 1273 1402 et⁴

190 1420 326 1489 moenia
345 1433 465 1515 capta,
485 1434 521 1489 et
539 1432 644 1516 porta
659 1419 757 1488 intus
776 1416 937 1516 forisque
955 1422 1090 1517 pariter
1104 1420 1257 1521 refringi

188 1542 334 1626 coepta,
366 1543 402 1599 et
432 1553 519 1599 mox
549 1528 721 1599 caedendo
752 1527 956 1600 confectist
982 1555 1023 1601 ac
1055 1529 1259 1622 distractis,

191 1665 238 1710 ne
261 1641 329 1710 iter
353 1639 609 1737 impediretur,
636 1637 794 1727 foribus,
818 1643 943 1710 armati
964 1643 1142 1739 impetum
1163 1640 1260 1714 fece-

190 1766 286 1823 runt.
307 1755 438 1849 Magna
461 1750 658 1821 multitudo
678 1765 713 1820 et
732 1776 856 1822 muros
876 1753 1174 1843 transcendebat3
1195 1753 1262 1825 sed

190 1864 228 1934 hi
250 1865 382 1960 passim
410 1862 454 1932 ad
477 1861 609 1933 caedem
638 1860 909 1958 oppidanorum
931 1865 1037 1934 versi.
1067 1862 1148 1949 Illa,¹
1177 1854 1264 1961 quac
1345 1899 1346 1902 ¹

190 1990 333 2074 portam
355 1977 513 2070 ingressa
533 1987 627 2060 erat,
641 1973 736 2067 justa
751 1974 862 2061 acies,
884 1999 967 2045 curn
986 1973 1159 2062 ducibus,
1175 1999 1264 2046 cum

191 2085 400 2170 ordinibus,
415 2081 534 2154 media
547 2081 638 2154 urbe
651 2085 688 2153 in
703 2082 824 2154 forum
840 2085 1023 2180 processit.
1041 2083 1129 2155 Inde
1144 2110 1266 2182 quum

191 2193 338 2265 duobus
358 2193 548 2264 itineribus
571 2191 752 2292 fugientes
776 2193 913 2266 videret
933 2195 1076 2283 hostes,
1103 2195 1192 2266 alios
1217 2197 1267 2268 ad

192 2306 376 2376 tumulum
399 2307 438 2374 in
458 2307 635 2376 orientem
661 2329 826 2391 versum,
846 2306 909 2401 qui
933 2304 1127 2376 tenebatur
1152 2307 1267 2402 quin-

190 2432 384 2514 gentorum
403 2417 559 2486 militurn
576 2414 760 2513 praesidia,
779 2415 868 2485 alios
885 2417 923 2484 in
942 2440 1078 2502 arcem,
1094 2417 1132 2485 in
1150 2441 1272 2512 quam,

193 2529 326 2624 etipse
352 2532 459 2624 Mago
483 2552 567 2598 cum
589 2526 761 2628 omnibus
784 2525 860 2596 fere
882 2529 1046 2613 armatis,
1066 2527 1131 2623 qui
1149 2531 1272 2599 muris
1313 2543 1317 2550 '

192 2638 287 2733 pulsi
305 2636 470 2723 fuerant,
489 2633 690 2733 refugerat⁵
700 2663 709 2723 3
728 2638 859 2732 partiru
876 2640 1061 2736 copiarum
1081 2638 1126 2709 ad
1141 2651 1272 2710 tumu-

192 2748 266 2818 lum
280 2748 564 2846 expugnandum
580 2748 706 2834 mittit,
721 2749 854 2843 partim,
862 2750 939 2846 ipse
956 2749 1001 2820 ad
1016 2773 1134 2820 arcem
1149 2748 1271 2821 ducit.

192 2865 235 2929 Et
253 2859 415 2929 tumulus
430 2860 548 2955 primo
568 2859 708 2955 impetu
723 2872 777 2928 est
791 2872 937 2955 captus,
953 2875 988 2930 et
1002 2864 1127 2957 MagO,
1142 2883 1273 2930 arcem

192 2985 344 3041 conatus
366 2967 585 3054 defendere,
608 2992 725 3064 quum
753 2969 875 3038 omnia
897 2967 1059 3039 hostium
1081 2966 1189 3066 plena
1213 2969 1272 3038 vi-

192 3081 312 3169 deret,
334 3099 455 3177 neque
475 3104 576 3177 spem
600 3079 709 3149 ullam
730 3104 826 3168 esse,
849 3105 886 3150 se
903 3103 1097 3176 arcemque
1115 3093 1274 3176 etmprae-

191 3192 324 3263 sidium
336 3190 485 3263 dedidit.
499 3190 629 3281 Quoad
644 3190 766 3262 dedita
778 3217 841 3261 arx
854 3187 944 3276 est⁶,
957 3189 1071 3261 caedes
1082 3203 1159 3259 tota
1172 3187 1275 3261 urbe

228 3436 252 3480 3.
263 3432 387 3497 Utrimque
395 3430 524 3494 ancipitem
532 3430 638 3488 dostem;
648 3430 706 3477 vide
750 3430 791 3476 hic
805 3429 955 3488 nomenoius
967 3426 1086 3491 exprimi,
1095 3424 1143 3471 nisi
1156 3424 1219 3489 styli
1231 3442 1276 3474 ca-
1368 3416 1371 3422 ⁵

191 3515 224 3562 ad
239 3512 314 3570 1‚25‚
326 3527 351 3559 n.
362 3519 387 3566 4.
750 3509 789 3555 lor
799 3508 896 3555 Livium
910 3506 1056 3555 abstulisset.
1070 3506 1116 3552 En.

165 3636 167 3641 .
229 3602 253 3648 4.
269 3589 390 3638 cadendo
406 3586 521 3653 consectis
540 3586 612 3651 (vide
621 3587 653 3634 ad
666 3590 705 3645 II,
787 3589 810 3633 5.
826 3590 855 3633 In
870 3603 945 3650 quam
958 3598 983 3633 et
995 3586 1044 3650 ipse
1054 3588 1131 3649 Mago
1145 3599 1202 3630 cam
1217 3601 1276 3632 om-

193 3682 243 3729 no,
258 3688 284 3717 n.
298 3669 328 3733 8)
348 3684 379 3715 ac
396 3667 518 3714 distractis
537 3668 600 3714 bene
618 3667 707 3730 optimi
751 3665 882 3732 aibusfere
895 3666 998 3713 armatis
1012 3664 1152 3730 rcfirgerat;
1170 3663 1214 3727 alii
1233 3680 1276 3712 re·

193 3753 256 3800 MSS
267 3749 314 3796 nisi
329 3749 398 3795 malis
410 3746 531 3812 diffractis
537 3765 546 3804 ;
566 3748 643 3794 Gran.
660 3762 707 3792 cce·
744 3746 868 3810 fugerant
874 3764 884 3802 ;
898 3745 956 3793 vide
970 3745 1001 3793 ad
1010 3747 1088 3804 XXI,
1100 3746 1148 3802 60,
1162 3760 1188 3790 n.
1198 3743 1224 3790 5.
1236 3771 1277 3782 -

192 3830 273 3879 darida
284 3827 415 3892 confractis
426 3844 512 3874 omnes
525 3826 581 3874 edd.
588 3853 624 3861 -
636 3825 708 3872 Vide·
751 3825 846 3872 Partim
857 3825 997 3889 copiarum,
1008 3836 1071 3882 etc,
1082 3824 1194 3888 plerique
1204 3824 1277 3873 Mss

193 3922 245 3966 ret,
261 3909 312 3956 scil.
329 3909 419 3973 Scipio.
438 3935 473 3944 -
494 3907 614 3954 Observat
635 3907 706 3953 Crev.
752 3921 798 3969 pro
803 3918 902 3969 partem
907 3923 917 3961 ;
928 3905 983 3952 vide
992 3904 1131 3962 adXXIII;
1141 3917 1184 3962 11,
1193 3919 1219 3950 n.
1230 3918 1277 3951 ιο.

193 4001 248 4037 toto
268 3989 317 4037 hoc
340 3989 419 4052 capite
439 4002 559 4049 nusquam
582 3985 707 4048 Scipionis
787 3985 812 4031 6.
829 3985 920 4046 Quoad
931 3983 1015 4031 dedita
1033 4000 1082 4030 arx
1098 3994 1147 4038 est;
1165 3981 1226 4030 vide
1241 3983 1278 4031 ad

193 4070 342 4118 mentionem
356 4068 424 4116 ficri:
440 4067 505 4114 unde
516 4082 612 4114 necesse
622 4064 708 4113 luisset
752 4066 856 4122 XXIII,
871 4065 918 4122 26,
934 4080 958 4110 n.
975 4079 997 4110 1.
