2768 4574
156 307 228 393 456
578 311 616 375 r.
649 310 790 378 mvn
1068 286 1190 398 tzttttssz

156 432 233 527 ipsa
256 428 301 497 ad
319 433 458 498 Poenos.
490 431 578 524 Spes
599 443 720 498 autem
743 425 951 497 affectandae
972 426 1050 520 ejus
1075 427 1148 496 rei²
1173 450 1218 497 ex

156 536 304 605 minima
314 559 352 604 re
362 531 506 606 affulsit.
520 538 731 607 latrociniis
740 536 862 632 magis,
875 559 983 630 quam
994 536 1093 629 justo
1106 535 1219 623 bello,

157 648 195 715 in
210 646 355 715 Bruttiis
368 645 585 742 gerebantur
596 671 672 735 res3
685 646 864 743 principio
878 644 923 714 ab
931 644 1097 715 Numidis
1107 643 1219 732 facte,

159 767 195 823 et
208 754 370 843 Bruttiis,
385 779 461 825 non
476 757 645 826 societate
665 757 777 852 magis
796 755 945 852 punica,
960 780 1070 850 quam
1088 768 1220 852 suopte

159 864 304 959 ingenio
314 858 341 951 ³,
365 864 650 961 congruentibus
679 867 718 933 in
740 889 824 934 eum
851 889 1001 934 morem.
1034 868 1221 934 Postremo

159 974 313 1043 Romani
330 998 497 1070 quoque,
514 975 588 1069 jam
607 974 822 1070 contagione
841 972 996 1069 quadam
1014 986 1118 1070 rapto
1135 997 1223 1069 gau·

160 1085 303 1170 dentes,
331 1097 509 1180 quantum
536 1108 601 1181 per
625 1083 735 1154 duces
760 1082 908 1169 licebat,
928 1082 1158 1152 excursiones
1183 1082 1224 1150 in

160 1192 320 1264 hostium
343 1217 447 1290 agros
469 1191 597 1264 facere.
622 1192 677 1263 Ab
698 1193 741 1262 iis
765 1193 896 1288 egressi
917 1191 1065 1288 quidam
1091 1190 1223 1261 urbem

161 1306 382 1374 Locrenses4
407 1305 644 1374 circumventi
670 1303 922 1400 Rhegiumque
951 1301 1118 1373 abstracti
1145 1300 1224 1373 fue·

161 1429 256 1484 rant.
283 1418 327 1483 In
349 1439 393 1484 eo
412 1415 636 1511 captivorum
655 1439 811 1484 numero
830 1412 922 1484 fabri
941 1413 1088 1508 quidam
1109 1411 1224 1501 fuere,
1325 1454 1328 1459 ·

165 1525 297 1596 assueti
318 1522 411 1596 forte
430 1523 528 1622 apud
551 1530 681 1596 Poenos
703 1522 869 1595 mercede
890 1548 981 1620 opus
999 1525 1037 1594 in
1055 1548 1136 1594 arce
1154 1526 1223 1593 Lo·

152 1658 309 1704 crorum
324 1631 451 1705 facere.
463 1636 512 1721 Ii,
525 1636 660 1731 cogniti
674 1634 719 1705 ab
729 1635 964 1705 Locrensium
977 1632 1226 1730 principibus,

164 1744 228 1840 qui
244 1744 338 1840 pulsi
355 1744 400 1815 ab
420 1744 566 1816 adversa
584 1743 758 1831 factione,
777 1769 857 1840 quae
876 1741 1069 1812 Hannibali
1092 1748 1228 1813 Locros

165 1853 377 1941 tradiderat,
402 1855 580 1953 Rhegium
612 1879 650 1925 se
683 1854 931 1941 contulerant,
954 1876 1068 1948 quum
1099 1867 1228 1922 caetera

165 1965 484 2061 percunctantibus
503 1966 569 2062 (ut
582 1989 661 2036 mos
680 1979 749 2052 est,
767 1965 830 2061 qui
846 1962 909 2033 diu
930 1963 1062 2034 absunt
1074 1957 1123 2058 ⁵),
1145 1988 1228 2059 quae

167 2073 266 2144 domi
284 2089 492 2172 agerentur,
509 2077 775 2174 exposuissent,
796 2099 898 2172 spem
915 2072 1102 2161 fecerunt,
1125 2074 1154 2143 si
1167 2098 1228 2144 re·

168 2185 305 2280 dempti
324 2209 365 2254 ac
384 2187 523 2257 remissi
540 2185 677 2270 forent,
691 2210 810 2257 arcem
830 2210 866 2256 se
885 2186 927 2254 iis
948 2185 1153 2255 tradituros.
1173 2183 1229 2254 Ibi

168 2319 206 2364 se
225 2293 403 2383 habitare,
420 2295 603 2392 fidemque
621 2297 689 2367 sibi
707 2321 828 2368 rerum
844 2297 1008 2366 omnium
1030 2297 1126 2366 inter
1143 2299 1229 2366 Car·

167 2400 408 2498 thaginienses
424 2428 509 2474 esse.
529 2410 674 2501 Itaque,
698 2421 739 2475 ut
759 2407 822 2501 qui
845 2406 950 2476 simul
970 2404 1148 2476 desiderio
1167 2428 1228 2502 pa·

169 2513 245 2582 triae
266 2528 502 2609 angerentur,
521 2514 626 2585 simul
641 2513 836 2611 cupiditate
855 2515 1020 2584 inimicos
1035 2513 1230 2584 ulciscendi

171 2621 355 2712 arderent,
376 2624 570 2721 redemptis
588 2624 770 2721 extemplo
790 2625 832 2694 iis
850 2625 1097 2721 remissisque,
1116 2648 1230 2719 quum

171 2730 337 2803 ordinem
362 2735 507 2832 agendas
533 2737 585 2806 rei
616 2736 902 2833 composuissent
929 2736 1121 2832 signaque,
1151 2758 1232 2830 quae

171 2843 298 2939 procul
310 2844 404 2914 edita
418 2846 668 2934 observarent,
686 2847 755 2944 ipsi
768 2846 813 2916 ad
827 2846 1031 2943 Scipionem
1041 2849 1233 2940 Syracusas

172 2955 343 3052 profecti,
369 2957 466 3054 apud
488 2984 596 3056 quem
623 2983 706 3056 pars
723 2957 887 3029 exsulum
913 2971 1006 3043 erat,
1035 2953 1234 3026 referentes
1323 3046 1325 3051 Ι

171 3064 222 3135 ibi
237 3067 410 3161 promissa
422 3069 663 3164 captivorum,
680 3094 793 3165 quum
810 3093 911 3165 spem
926 3066 971 3136 ab
987 3063 1119 3136 effectu
1135 3060 1234 3133 haud

173 3175 429 3247 abhorrentem
448 3179 588 3248 consuli
609 3177 794 3268 fecissent,
815 3177 955 3248 tribuni
974 3176 1129 3246 militum
1151 3197 1234 3244 cum

175 3288 217 3356 iis
229 3291 278 3356 M.
292 3289 434 3382 Sergius
447 3302 483 3358 et
494 3294 530 3359 P.
542 3290 719 3360 Matienus
732 3290 846 3377 missi,
857 3290 1020 3384 jussique
1036 3284 1081 3355 ab
1096 3285 1238 3379 Rhegio¹

176 3399 243 3468 tria
256 3395 367 3466 millia
380 3398 534 3467 militum
547 3402 682 3469 Locros
698 3397 830 3470 ducere
844 3427 852 3468 :
868 3414 903 3469 et
916 3401 959 3488 Q.
969 3397 1142 3468 Pleminio
1157 3417 1236 3492 pro·

212 3658 236 3688 n.
249 3643 304 3704 Spes
316 3651 399 3687 autem
410 3637 558 3704 affictandae
570 3639 620 3703 ejus
633 3639 680 3696 rei,
727 3639 758 3686 ad
770 3640 859 3687 librum
871 3640 997 3695 xxvm,
1013 3653 1065 3701 cap.
1079 3652 1126 3693 12,
1144 3645 1197 3681 not.
1212 3641 1236 3687 4.

179 3731 225 3768 etc.
240 3721 303 3767 forte
315 3718 362 3767 del.
376 3734 427 3765 vox
440 3718 490 3775 rei,
505 3735 559 3781 quae
574 3718 684 3766 morbis
763 3726 786 3772 4.
803 3716 901 3781 Egressi
917 3715 1017 3778 quidam
1037 3716 1119 3761 urbem
1140 3716 1238 3760 Locren-

179 3799 303 3861 repetitur,
310 3809 334 3846 et
340 3798 371 3845 ad
379 3798 429 3862 ejus
435 3797 516 3861 suppl.
524 3797 598 3854 κὼς,-
606 3799 683 3844 Gron.
727 3812 778 3851 ses;
790 3795 847 3842 vide
858 3795 890 3841 acl
903 3797 938 3853 II,
952 3795 993 3853 37,
1008 3812 1032 3840 n.
1042 3794 1066 3840 5.

179 3877 222 3921 Ex
238 3875 338 3922 minima
353 3878 391 3924 vel
410 3876 508 3923 minimo
527 3874 621 3940 afflabit
638 3892 685 3922 ma-
765 3874 788 3920 5.
803 3875 894 3919 Utmos
903 3884 952 3930 cst,
964 3873 1007 3936 qui
1015 3872 1057 3919 diu
1068 3873 1171 3919 absunt:
1181 3879 1238 3933 post

180 3954 246 4001 lebat
258 3955 316 4001 Ant.
326 3957 402 4003 Periz.
413 3955 484 4004 Conf.
496 3955 526 4001 ad
534 3957 561 4012 1,
576 3955 606 4013 3,
621 3970 647 4000 n.
660 3955 683 4002 8.
729 3963 764 3999 cst
774 3951 883 4015 quaedam
894 3951 949 3999 edd.
957 3950 1051 3998 addunt
1065 3951 1101 3998 iis.
1117 3949 1164 3996 Sed
1176 3945 1238 3993 illud

218 4033 241 4081 3.
251 4033 329 4093 Quom
337 4046 420 4097 suopte
429 4032 540 4098 ingenim
549 4034 605 4081 vide
614 4048 686 4097 supra
730 4032 807 4079 multo
819 4031 939 4090 tenerius3
953 4032 1029 4078 Gron.
