2768 4574
190 301 258 373 232
616 305 653 369 u.
688 305 827 372 alvu
1095 286 1123 383 li
1138 283 1163 383 ἓξ
1183 297 1231 391 3235

189 424 320 520 scripta
330 458 339 509 ·‚
350 437 391 492 ut
400 423 506 492 sciret
516 475 526 508 ,
536 447 610 518 quo
621 424 658 493 in
671 437 763 494 statu
779 447 837 493 res
850 419 976 493 Africae
990 439 1128 494 essent:
1143 429 1262 516 (latn-

190 556 261 630 que
285 529 399 600 millia
414 532 762 604 Numidarumeum
781 538 999 619 Masinissa,
1028 532 1132 604 Galae
1141 534 1258 630 filio,

190 647 364 713 acerrimo
372 642 523 736 juvene,
548 643 766 739 Cartbagine
782 668 857 713 esse
866 671 878 729 ,-
895 659 932 712 et
944 642 1036 712 alios
1049 668 1124 739 per
1139 659 1259 713 totam

186 756 352 843 Africam
374 751 501 822 milites
520 753 683 824 mercede
698 754 866 841 conduci,
887 759 953 850 qui
972 757 1010 821 in
1030 758 1275 850 Hispaniams

185 863 239 933 od
249 863 519 936 Hasdrubalem
543 867 801 959 trajicerentur,
825 881 865 935 ut
882 870 928 950 is,
952 888 1065 960 quam
1086 870 1257 935 maximo

184 980 343 1043 exercita
356 980 482 1070 primo
501 999 646 1072 quoque
662 991 820 1072 tempore
834 981 872 1044 in
887 974 1034 1045 Italiam
1054 977 1263 1070 transgres-'¹

183 1108 260 1170 sus,
274 1085 448 1181 J‘nageret
459 1109 498 1154 se
513 1085 719 1166 Hannibali
736 1112 746 1153 :
766 1091 803 1154 in
822 1110 864 1155 eo
873 1090 1038 1182 positam
1058 1090 1257 1157 ut'etoriam

183 1195 326 1266 eredere
348 1195 668 1291 Carthaginienses.
695 1195 855 1283 Classem¹
865 1210 1049 1293 praeterea
1070 1200 1257 1290 ingentem

181 1312 359 1402 apparari
374 1306 428 1376 od
437 1305 596 1376 Siciliam
614 1307 864 1404 repetendam,
883 1330 1088 1404 eamque-se
1105 1306 1259 1376 credere

181 1415 279 1486 brevi
297 1417 538 1510 trajectarum.
560 1422 643 1488 Haec
660 1418 807 1487 recitata
829 1441 848 1486 a
865 1416 1015 1486 consule
1037 1415 1085 1485 ita
1101 1439 1255 1486 movere

181 1539 364 1613 senatum,
384 1539 426 1596 ut
447 1551 523 1597 non
547 1527 787 1624 exspectanda
804 1527 949 1597 comitia
969 1524 1108 1596 consuli
1123 1549 1255 1596 cense-

178 1650 278 1721 rent,
297 1635 358 1706 sed
381 1636 593 1707 dictatorem
616 1638 847 1707 comitiorum
869 1632 1123 1705 habendorum
1143 1658 1257 1706 causa

178 1746 268 1832 ilici,
284 1760 320 1816 et
338 1747 521 1841 extemplo
539 1747 577 1816 in
595 1748 818 1843 provinciam
832 1744 1073 1816 redeundum.
1093 1743 1162 1815 Illa·
1175 1745 1255 1816 dis·

179 1856 335 1951 oeptatio
363 1854 511 1923 tenebat
521 1851 546 1940 ⁵,
566 1854 668 1951 quod
689 1855 817 1926 consul
839 1857 878 1924 in
892 1854 1009 1925 Sicilia
1028 1855 1254 1926 se·M.Vale·

117 1999 119 2003 v
178 1966 273 2034 rium
292 1962 514 2049 Messallam,
530 1965 595 2058 qui
613 1978 691 2033 tum
711 1963 814 2034 classi
829 1979 1012 2060 praeesset,
1034 1961 1254 2035 dictatorem

180 2074 362 2146 dicturum
391 2095 467 2143 esse
483 2070 602 2143 aiebat
620 2099 628 2141 :
652 2078 774 2143 Patres
792 2088 892 2143 extra
910 2096 1102 2142 romanum
1120 2097 1255 2169 agrum

177 2185 281 2279 (eum
300 2196 420 2253 autem
436 2182 474 2249 in
492 2182 592 2252 ltalia
610 2181 817 2274 terminari)
837 2181 1017 2278 negabant
1033 2180 1254 2254 dictatorem

179 2293 249 2364 dici
270 2319 386 2392 posse.
403 2297 451 2364 M.
465 2296 653 2365 Lucretius
674 2293 842 2365 tribunus
864 2292 988 2390 plebis
1003 2317 1118 2389 quum
1138 2292 1186 2364 de
1207 2321 1253 2367 ea

178 2430 218 2476 re
238 2404 464 2493 consuleret,
482 2409 531 2474 ita
554 2405 713 2476 decrevit
733 2421 897 2490 senatuS,
924 2410 970 2503 Ut
985 2402 1114 2473 consul
1118 2411 1250 2501 prius,

177 2539 290 2612 quam
315 2515 364 2585 ab
392 2515 486 2585 Urbe
509 2517 724 2600 diseederet,
740 2515 923 2614 populum
944 2531 1109 2610 rogaret,
1137 2541 1253 2611 quem

138 2642 141 2647 “
177 2625 386 2696 dictatorem
401 2627 475 2696 diei
481 2627 648 2725 placeret
657 2656 670 2715 ;
687 2652 856 2730 eumque,
876 2639 984 2723 quem
994 2623 1156 2722 popalus
1167 2628 1254 2720 jus-

175 2742 290 2825 sisset,
310 2738 444 2808 diceret
462 2738 684 2808 dictatorem.
704 2743 744 2808 Si
758 2736 886 2810 consul
904 2737 1088 2823 noluisset,
1101 2752 1255 2832 praetor

171 2847 350 2946 populum
366 2843 532 2942 rogaret⁶
544 2853 598 2917 :si
611 2873 657 2917 ne
669 2853 698 2919 is
718 2848 865 2944 quidem
879 2846 1001 2931 vellet,
1021 2863 1096 2918 tarn
1110 2844 1255 2917 tribuni

174 3044 183 3054 ·
209 3029 232 3075 5.
244 3028 293 3075 Illa
302 3027 445 3090 disceptatio
453 3027 565 3083 tenebat,
574 3026 685 3073 moraba·
729 3027 811 3074 nullus
825 3039 893 3075 extra
904 3025 999 3074 Italiam
1014 3041 1071 3089 ager
1083 3040 1130 3089 pro
1141 3039 1251 3075 tommo

172 3118 213 3154 tur
225 3106 324 3153 remvel
334 3104 473 3165 odniulem3
487 3105 543 3151 vide
552 3105 583 3152 ad
591 3107 626 3162 11,
638 3106 685 3164 63,
728 3105 827 3154 habitus
845 3107 931 3164 fuerit,
951 3122 1004 3153 non
1026 3116 1054 3153 ut
1072 3103 1250 3154 omnis-Italia

172 3187 229 3234 nil.
238 3212 269 3221 —
279 3188 365 3232 Patres
375 3195 447 3231 extra
460 3200 589 3231 romanum
598 3201 684 3249 agriam
729 3201 785 3250 ager
800 3201 915 3233 romanus
931 3196 1009 3242 esset,
1029 3195 1058 3232 ut
1072 3183 1201 3247 colligitur
1216 3201 1251 3233 ex

113 3248 118 3271 ι
172 3264 297 3329 negabant
306 3264 451 3311 dictatorem
460 3263 511 3310 dici
512 3264 682 3327 posse5c0nf.
728 3265 1000 3326 c.a9infra:niinirum
1010 3274 1197 3327 agerromartus
1205 3262 1252 3311 hn-

173 3344 205 3392 ad
218 3345 285 3401 vn,
294 3351 341 3401 nt,
356 3360 381 3390 n.
394 3342 419 3389 6.
429 3342 515 3404 Neque
529 3341 602 3389 etiam
615 3353 683 3390 extra
726 3341 1249 3406 bttusfuissevidetur,quilibettntiaeager,

172 3423 266 3472 Italiam
276 3424 410 3470 exercitum
417 3420 505 3467 ducere
514 3420 603 3468 licebat
611 3421 685 3469 dicta·
728 3421 770 3484 qui
779 3425 946 3469 Romanorum
960 3420 1061 3468 ditionis
1071 3431 1140 3468 esset.
1150 3420 1200 3469 En.

171 3502 221 3549 tori
235 3517 242 3549 :
256 3501 323 3565 quod
337 3501 412 3548 libera
424 3516 475 3563 rep.
487 3501 599 3548 nonnisi
610 3501 684 3548 semel
763 3502 789 3549 6.
806 3503 903 3548 Prator
913 3499 1033 3565 populum
1051 3509 1163 3564 rogaret,
1190 3501 1248 3550 scil.

172 3582 263 3630 sactum
276 3583 377 3645 legitnus
390 3580 417 3627 in
427 3579 683 3643 Epit.tiv.xtx.-
726 3591 860 3645 ptaetorum
875 3581 1002 3645 princeps,
1027 3579 1148 3635 urbanus,
1167 3595 1249 3642 quam

171 3648 237 3709 Mox*
244 3661 321 3708 Italia
328 3660 455 3708 terminari
461 3659 615 3723 (intraltaliae
621 3657 682 3707 fines
726 3675 812 3707 vocem
826 3659 882 3708 edd.
893 3671 949 3706 ante
957 3658 1032 3705 Drak.
1042 3655 1176 3716 adjiciant,
1189 3673 1247 3707 non

173 3739 352 3796 contineri,ita
362 3749 391 3786 ut
404 3752 461 3800 ager
469 3749 537 3786 extra
546 3738 640 3786 ltaliam
652 3739 683 3785 si·
726 3740 797 3787 MSS.
812 3767 847 3777 -
867 3741 897 3785 Se
910 3738 1029 3803 populum
1047 3744 1194 3807 ragenerum
1213 3737 1250 3786 de

163 3818 211 3865 ‘lus
220 3835 271 3866 non
280 3819 312 3866 sit
322 3815 458 3882 Romanus)
465 3832 512 3880 pro
520 3817 587 3880 vulg.
596 3816 621 3863 in
629 3819 682 3864 Ita·
727 3834 770 3875 eo,
788 3819 857 3882 quod
874 3834 927 3865 sua
938 3815 1068 3880 potestatis
1086 3825 1147 3863 esset
1160 3831 1171 3861 .-
1185 3831 1248 3864 mm

172 3898 207 3944 litt
218 3894 235 3946 τ’.
254 3915 286 3946 ex
304 3905 318 3953 t
331 3899 394 3949 MSS
407 3908 431 3944 et
451 3895 597 3957 quibusdam
612 3895 681 3945 editt.
727 3897 832 3946 dictator
842 3911 894 3944 non
908 3895 979 3942 ninia
992 3893 1092 3941 consule
1107 3892 1248 3958 dici'pote-

170 3977 299 4041 legendum
313 3990 376 4042 esse,
389 3973 497 4036 jamalii
509 3990 632 4023 monuere.
646 4003 682 4013 -
724 3987 769 4025 rat.
780 3976 871 4024 Confer
878 3976 910 4022 ad
919 3974 965 4020 lib.
977 3976 1030 4031 111,
1045 3989 1098 4037 cap.
1106 3972 1155 4032 62,
1169 3989 1200 4022 n.
1212 3974 1250 4035 5,

169 4056 246 4115 Notat
256 4057 326 4104 Crev.
335 4040 364 4107 ,ia
376 4053 411 4120 sic
421 4051 563 4116 accipienda
576 4071 639 4109 esse,
653 4067 681 4104 ut
725 4053 1008 4116 etlib.1V‚cap.31‚n.
1021 4059 1044 4108 4.
1083 4116 1087 4127 x
1143 4116 1146 4121 Ι

280 4164 299 4215 ⁸
403 4173 404 4176 a
