2768 4574
124 329 126 333 ’
167 360 237 407 200
586 336 625 403 r.
657 334 797 403 mvn
1083 314 1212 424 32:323,

164 487 181 522 a
193 480 354 553 vumque
369 453 498 527 ducem
513 456 690 528 traducite
702 455 864 546 Iberum,
876 457 1052 530 traducite
1067 461 1104 530 in
1120 475 1241 534 terras

165 599 181 634 a
196 593 280 639 cum
296 566 421 638 multis
440 565 595 637 sortibus
614 565 715 636 Iactis
736 591 830 664 saepe
849 592 869 637 a
891 568 994 639 vobis
1014 587 1236 668 peragratas.

164 679 298 749 «Brevi
313 677 456 765 faciam,
474 692 532 764 ut,
552 676 859 774 quemadmodum
878 704 976 750 nunc
994 681 1180 752 noscitatis
1197 682 1238 751 in

163 819 180 854 «
194 813 253 860 me
268 790 380 886 patris
392 790 587 886 patruique
603 787 874 860 similitudinem
892 791 966 861 oris
983 790 1180 887 vultusque
1199 805 1239 862 et

164 932 180 966 α
195 900 412 972 lincamenta
427 901 609 997 corporis,
625 901 673 970 ita
687 900 840 996 ingenii,
855 898 942 972 fidei
955 903 1171 999 virtutisque
1188 901 1238 973 ad
1297 914 1302 923 “

161 1027 178 1077 a
194 1010 402 1108 exemplum
426 1034 629 1107 expressam
654 1007 808 1106 effigiem
822 1020 850 1051 ¹¹
875 1009 978 1082 vobis
996 1010 1169 1099 reddam,
1192 1026 1238 1081 ut

163 1152 179 1187 «ι
195 1122 383 1208 revixisse,
394 1135 457 1190 aut
470 1134 639 1191 renatum
650 1118 717 1192 sibi
732 1121 886 1216 quisque
900 1122 1105 1220 Scipionem
1119 1123 1238 1219 impe·

164 1245 356 1302 aratorem
375 1230 508 1301 dicat.»

211 1347 319 1414 XLII.
342 1347 415 1414 Hac
441 1343 607 1412 oratione
634 1343 792 1412 accensis
815 1341 973 1412 militum
998 1343 1150 1430 animis,
1175 1367 1237 1414 re·

162 1452 249 1525 licto
272 1451 317 1522 ad
334 1450 542 1548 praesidium
565 1452 723 1547 regionis
742 1452 839 1546 ejus¹
861 1457 909 1522 Μ.
931 1453 1054 1526 Silano
1073 1478 1156 1524 cum
1173 1457 1239 1524 tri·
1286 1513 1288 1516 Α

162 1563 232 1636 bus
254 1562 414 1634 millibus
433 1563 598 1660 peditum
618 1577 654 1633 et
673 1563 843 1634 trecentis
862 1563 1067 1659 equitibus,
1090 1577 1240 1635 caeteras

140 1639 291 1745 'ossnes
309 1674 431 1771 copias
450 1673 572 1769 (eraut
589 1687 710 1744 autem
728 1674 855 1771 viginti
870 1674 1035 1771 quinque
1051 1674 1161 1744 millia
1178 1699 1241 1772 pe·

164 1783 300 1870 ditum,
323 1782 398 1854 duo
417 1783 529 1853 millia
550 1797 586 1853 et
608 1784 799 1881 quingenti
818 1786 978 1882 equites)
995 1784 1143 1857 Iberum
1160 1799 1239 1854 tra-

160 1895 259 1989 jecit.
276 1893 333 1964 Ibi
344 1893 564 1990 quibusdam
575 1893 828 1985 suadentibus,
844 1910 902 1982 ut,
918 1896 1092 1991 quoniam
1107 1897 1145 1965 in
1161 1910 1240 1966 tres

162 2018 238 2075 tam
257 2003 414 2074 diversas
430 2005 598 2100 regiones
623 2003 869 2076 discessissent
887 2006 1013 2102 punici
1032 2007 1238 2093 exercitus,

162 2116 372 2211 proximum
391 2113 665 2210 aggrederetur,
680 2114 883 2210 periculum
900 2138 977 2185 esse
994 2129 1111 2202 ratus,
1127 2140 1241 2187 neco

162 2221 258 2295 sacto
275 2225 313 2294 in
327 2248 443 2294 unum
458 2248 584 2293 omnes
602 2222 853 2310 contraheret,
867 2246 936 2295 nec
950 2247 1016 2320 par
1034 2239 1125 2295 esset
1138 2250 1241 2296 unus

164 2348 219 2404 tot
242 2331 486 2420 exercitibus,
511 2333 764 2430 Carthaginem
783 2339 924 2406 Novam
946 2335 1092 2409 interim
1114 2359 1242 2433 oppu-

163 2468 274 2540 gnare
300 2444 444 2531 statuit,
470 2443 599 2514 urbem
623 2468 739 2540 quum
763 2445 878 2541 ipsam
904 2447 1140 2544 opulentam²
1160 2449 1241 2517 suis

162 2683 174 2701 «
189 2661 229 2707 Un
242 2659 315 2708 faible
330 2661 424 2719 reJ'eton
439 2671 491 2706 sort
504 2670 571 2706 entre
583 2660 619 2706 les
632 2659 678 2706 rui·
722 2670 789 2707 totus
801 2660 922 2708 exercitus
932 2671 981 2709 erat
992 2663 1108 2709 XXVIII
1121 2661 1158 2709 M.
1169 2661 1242 2726 pedi·

162 2762 175 2781 «
185 2755 230 2786 nes
243 2740 281 2787 De
295 2750 334 2786 cet
342 2739 412 2785 arbre
425 2737 514 2786 second
527 2737 606 2801 eoupe
618 2737 677 2785 dans
722 2750 786 2797 tum,
794 2742 862 2787 2800
871 2741 972 2804 equites.
983 2742 1058 2789 Eusic
1069 2741 1242 2808 etiamPolyb.

162 2841 175 2860 «
187 2834 224 2866 ses
235 2819 413 2865 recinamus.
722 2819 1242 2885 II,9‚nisiquodoap.6numerumequi·

201 2913 241 2946 11.
253 2897 324 2946 Fidei
337 2896 483 2962 virtutisque
496 2896 533 2943 ad
541 2896 678 2959 exemplum
722 2907 775 2943 tum
785 2897 867 2945 SIIano
877 2898 1019 2947 relictorum
1029 2899 1141 2947 ducende
1154 2912 1241 2964 auget.

163 2972 309 3044 (exemplar.
330 2977 483 3046 ἀρχέτυπον,
500 2976 678 3044 πρωτότυπον,
723 2976 771 3024 Sed
778 2993 808 3023 ex
815 2978 900 3034 XXV,
914 2979 959 3037 373
972 2980 1178 3038 xxv1,11,17,
1192 2994 1242 3043 19,

163 3072 239 3121 germ.
260 3055 388 3122 original)
412 3071 552 3118 expressam
573 3054 678 3121 effigiem
723 3057 766 3116 37,
780 3065 827 3116 41,
844 3057 970 3120 probabile
984 3055 1025 3117 fit,
1038 3058 1154 3118 maiorem
1166 3073 1241 3106 exer·

162 3136 357 3193 uobisreddam
369 3152 416 3199 pro
423 3135 488 3196 vulg.
496 3135 678 3197 exemptumex-
723 3135 786 3183 citus
801 3152 929 3183 numerum
943 3132 1025 3184 fuisse.
1044 3138 1134 3185 Praeter
1152 3137 1242 3200 copias
1264 3143 1267 3147 '

159 3231 271 3280 pressum
282 3215 320 3262 ad
330 3213 436 3280 effigiem
454 3212 522 3260 edidi
538 3230 569 3260 ex
581 3213 677 3261 emend.
723 3226 804 3262 tamen
819 3215 903 3263 Silano
918 3215 1019 3263 traditas
1036 3215 1146 3264 fortassis
1162 3216 1243 3264 etiem

163 3294 295 3342 Ruhnken.
309 3292 341 3339 ad
352 3292 428 3339 until.
446 3293 508 3356 Lup.
522 3290 552 3338 de
562 3290 604 3356 fig.
621 3309 676 3357 pag.
722 3310 778 3358 pars
788 3295 909 3342 exercitus
922 3295 949 3340 in
963 3295 1084 3360 praesidiis
1092 3295 1192 3343 urbium
1203 3297 1243 3344 cis

166 3375 214 3421 108
226 3407 234 3431 ,
248 3383 273 3418 et
285 3371 410 3433 velutque
424 3385 562 3433 cupressum
574 3371 678 3440 effigiem
723 3373 821 3421 Iberum
835 3373 919 3420 relicta
932 3374 995 3434 suin
1008 3398 1020 3416 »
1040 3375 1106 3422 nuk.
1123 3401 1158 3412 -
1178 3376 1243 3437 Qui-

163 3451 203 3499 vel
214 3462 238 3497 et
253 3465 394 3516 cupressum
411 3448 475 3495 adeo
493 3448 599 3516 ffgiem
613 3452 678 3512 conj.
724 3452 826 3500 busdam
835 3453 1004 3510 suadentibus,
1020 3465 1082 3512 etc.,
1097 3453 1184 3502 confer
1193 3456 1242 3505 Sil.

162 3530 231 3596 nuk,
241 3538 268 3575 ut
278 3527 362 3592 Scipio
378 3543 491 3592 expressa
506 3528 598 3594 effigies
611 3532 679 3594 iuge·
709 3548 713 3555 ’
723 3532 782 3589 XV,
798 3533 846 3579 180
856 3548 906 3595 seq.
914 3559 949 3568 —
959 3532 1131 3597 Carthaginem
1140 3533 1245 3582 Novam

163 3607 213 3667 nli,
224 3618 270 3654 etc.
282 3623 347 3664 esse,
357 3623 458 3670 eamque
469 3608 497 3654 in
506 3625 532 3655 se
541 3626 679 3675 expressam
724 3610 820 3657 interim
831 3610 896 3676 (ante
905 3612 977 3658 talem
986 3608 1103 3676 pugnam)
1113 3628 1245 3678 oppugna-

164 3686 307 3734 viderietab
317 3687 432 3734 omuibus
440 3690 555 3751 cognosci
564 3690 679 3738 voluerit.
724 3705 750 3737 re
756 3690 843 3737 statuit
846 3709 856 3747 ;
870 3691 955 3738 confer
966 3691 1055 3757 Polyb.
1065 3692 1127 3751 x,6
1137 3702 1162 3739 et
1173 3707 1246 3752 7.-

200 3765 263 3813 Car.
273 3767 353 3815 XLII.
362 3781 384 3814 1.
392 3766 483 3813 Relicto
495 3767 679 3830 adprensidium
723 3772 812 3816 Intres
827 3781 878 3816 tam
892 3770 998 3817 diversas
1012 3770 1120 3835 regiones
1125 3789 1135 3827 ,·
1151 3773 1245 3820 confer

164 3843 269 3908 regionis
279 3844 330 3908 ejus
340 3845 374 3892 cis
381 3845 490 3904 Iberum,
504 3846 547 3893 ubi
554 3849 679 3896 Romano·
723 3865 777 3915 cap.
791 3865 838 3908 ao,
852 3861 876 3897 et
888 3849 925 3897 ibi
937 3861 991 3898 not.
1005 3857 1029 3904 a.

164 3939 218 3970 rum
229 3923 290 3971 socii
306 3936 387 3983 erant,
402 3927 437 3972 M.
452 3925 556 3972 Silano..
569 3961 574 3974 .
587 3929 680 3975 .Erant
758 3945 782 3976 a.
810 3928 982 3993 Carthaginem
1008 3929 1122 3985 Novam,
1155 3930 1246 3979 urbem

165 4013 247 4050 autem
256 4004 332 4049 XXV
340 4003 418 4050 millia
425 4021 468 4067 μ,
485 4016 531 4052 etc.
545 4006 677 4070 «adeoque
723 4025 797 4071 quum
811 4007 889 4071 ipsam
901 4009 1053 4072 opulentam,
1073 4018 1135 4066 θεας
1152 4009 1247 4058 wnfer

163 4081 253 4130 additis
264 4082 355 4147 copiis,
370 4099 430 4147 quas
440 4084 521 4132 Silano
533 4086 676 4150 reliquerat,
721 4088 753 4134 ad
762 4089 837 4145 xxt,
852 4086 881 4145 5,
890 4103 915 4135 n.
927 4094 955 4149 l,;
965 4087 997 4136 ad
1004 4087 1047 4138 Sil.
1054 4088 1114 4145 XV,
1125 4101 1177 4137 aao
1184 4105 1245 4154 seq.
