2768 4574
184 292 308 404 atat:
339 309 919 383 LIB.Xxvlll.cAP.XL11.
949 319 1086 389 mun.
1139 326 1210 419 429

158 464 174 498 «
189 431 256 502 sthi
275 430 343 527 ipsi
359 427 525 526 privatim
543 437 703 495 creatum
721 429 906 502 consulem
924 437 1105 528 existimm
1119 468 1214 517 exer·

158 542 354 636 «citusque
377 535 423 608 ad
448 533 648 607 custodiam
670 534 779 618 Urbis
801 551 908 635 atque
933 545 1039 616 Italiae
1064 554 1215 652 scriptia

157 681 174 715 «
191 674 286 735 esse,
304 673 380 719 non
395 672 488 745 quos
500 648 602 744 regio
617 670 718 716 more
734 671 800 743 per
817 650 1019 747 superbiam
1032 662 1215 749 consules,

159 791 175 826 α
191 785 265 857 quo
281 775 459 831 terrarum
476 757 605 845 velint,
620 757 835 851 trajiciant.»

208 875 333 942 XLIII.
364 872 487 959 Quum
506 868 672 938 oratione
692 866 737 936 ad
756 881 899 964 tempus
915 883 1053 966 parata¹
1070 877 1216 969 Fabius,

159 999 236 1054 tum
251 981 461 1052 auctoritate
472 992 508 1049 et
519 979 717 1049 inveterata
727 975 928 1074 prudentiae
937 976 1215 1082 fama,magnarn

159 1107 298 1190 partem
314 1103 457 1161 senatus
476 1103 512 1158 et
531 1088 690 1159 seniores
705 1086 860 1157 maxime
877 1089 1065 1177 movisset,
1079 1091 1218 1188 plures-

161 1226 232 1298 que
247 1200 437 1271 consilium
453 1199 563 1283 senis,
577 1221 687 1295 quam
701 1196 861 1266 animum
877 1195 1111 1270 adolescentis
1123 1199 1219 1275 fero-

159 1335 256 1397 cem,
275 1308 481 1396 laudarent,
501 1308 618 1405 Scipio
638 1308 689 1376 ita
707 1304 882 1401 loquutus
899 1303 1036 1378 fertur:
1054 1312 1127 1379 «Et
1142 1311 1219 1410 ipse

159 1424 233 1510 «Q.
249 1417 378 1491 Fabius
387 1418 565 1517 principio
576 1416 765 1499 orationis,
776 1420 896 1486 Patres
906 1420 1117 1517 conscripti,
1127 1445 1220 1492 com·

161 1559 178 1593 e
191 1529 421 1616 memoravit,
447 1529 484 1596 in
502 1527 681 1598 sententia
707 1548 772 1594 sua
789 1548 895 1621 posse
920 1525 1219 1602 obtrectationem

161 1653 391 1736 «suspectam
411 1661 498 1708 esse.
516 1635 627 1730 Cujus
646 1659 713 1733 ego
733 1636 785 1705 rei
800 1658 876 1704 non
895 1648 968 1705 tarn
984 1638 1083 1733 ipse²
1105 1643 1219 1712 ausim

162 1782 179 1817 «
193 1765 334 1822 tantum
359 1752 475 1820 virum
496 1747 724 1835 insimulare,
747 1771 856 1844 quam
875 1772 918 1818 ea
938 1750 1112 1846 suspicio,
1134 1752 1221 1822 vitio

162 1890 179 1925 α
194 1863 381 1948 orationis,
403 1885 449 1930 an
467 1860 538 1945 rei,
556 1857 655 1929 haud
674 1883 759 1929 sane
784 1872 934 1956 purgata
959 1872 1024 1929 est.
1051 1861 1107 1930 Sic
1125 1863 1221 1931 enim

162 1997 178 2031 a
193 1969 350 2039 honores
365 1992 448 2038 suos
465 1982 500 2038 et
517 1965 647 2037 famam
665 1991 788 2038 rerum
802 1981 982 2063 gestarum
999 1969 1129 2041 extulit
1144 1995 1223 2041 ver·

162 2106 178 2138 «
191 2075 261 2161 bis,
272 2076 317 2146 ad
328 2076 627 2172 exstinguendum
637 2077 778 2146 invidiae
787 2078 941 2164 crimen,
953 2092 1124 2176 tanquam
1134 2080 1222 2152 mibi

161 2214 178 2248 «
192 2184 236 2255 ab
253 2184 379 2256 infimo
396 2210 545 2282 quoque
564 2186 763 2283 periculum
785 2186 848 2270 sit,
859 2211 905 2255 ne
922 2211 1063 2258 mecum
1081 2191 1223 2263 aemule·

161 2323 178 2358 n
191 2309 269 2383 tur3
280 2311 316 2374 et
334 2321 409 2366 non
425 2295 471 2366 ab
488 2320 549 2382 ec,
567 2296 650 2392 qui,
665 2297 752 2392 quia
766 2318 875 2392 super
891 2310 1037 2366 caeteros
1056 2301 1221 2389 excellat,

162 2433 179 2468 «
192 2430 268 2501 quo
285 2429 344 2476 me
362 2430 512 2502 quoque
530 2405 597 2474 niti
617 2429 692 2474 non
709 2404 918 2492 dissimulo,
932 2430 989 2475 me
1008 2406 1076 2479 sibi
1090 2415 1224 2508 aequari

163 2544 180 2578 a
195 2517 296 2586 nolit.
323 2517 380 2585 Sic
398 2539 521 2586 senem
540 2539 578 2585 se
597 2512 829 2612 perfunctum
851 2513 1088 2602 honoribus³‚
1107 2535 1144 2590 et
1166 2547 1224 2592 me

162 2653 179 2688 a
194 2623 285 2694 inira
302 2641 440 2696 aetatem
454 2625 520 2695 filii
534 2627 639 2696 etiam
654 2627 709 2695 sui
718 2625 858 2721 posuit;
873 2636 1044 2720 tanquam
1057 2652 1132 2698 non
1148 2631 1224 2702 lon·

163 2734 288 2828 «gius,
303 2759 412 2829 quam
429 2749 608 2830 quantum
627 2735 706 2802 vitae
723 2735 890 2805 humanae
905 2735 1058 2831 spatium
1076 2752 1147 2826 est,
1161 2764 1224 2836 ους

162 2840 319 2938 «piditas
343 2844 463 2939 gloriae
490 2843 721 2929 extendatur,
739 2843 967 2940 maximaque
982 2863 1066 2941 pars
1085 2848 1161 2942 ejus
1186 2850 1224 2921 in

163 2981 180 3016 a
194 2954 404 3023 memoriam
423 2977 464 3049 ac
479 2955 724 3051 posteritatem
742 2953 956 3048 promineat.
977 2957 1133 3028 Maximo
1151 2961 1225 3029 cui-

165 3092 181 3125 «
196 3087 267 3158 que
280 3062 317 3131 id
329 3061 489 3133 accidere
504 3064 622 3133 animo
635 3077 773 3134 certum
788 3061 923 3147 babeo,
940 3078 981 3133 ut
995 3089 1032 3135 se
1046 3090 1122 3136 non
1141 3093 1224 3139 cum

165 3265 190 3311 in
216 3265 342 3313 discrimen
362 3275 386 3311 et
408 3263 433 3310 in
455 3279 538 3311 casum
561 3261 674 3327 ancipitis
718 3275 778 3325 pro:
792 3260 867 3323 magis
878 3260 920 3308 Ille
929 3261 1036 3309 criminis
1046 3262 1117 3322 hujus
1126 3279 1227 3312 reumse

165 3356 261 3391 eventus
280 3343 320 3390 vel
339 3342 364 3389 in
383 3342 464 3389 aleam
484 3357 553 3389 casus
573 3343 617 3397 IV,
631 3357 675 3401 η,
720 3340 792 3398 facit,
813 3356 884 3402 quam
902 3339 947 3403 ego
968 3339 1037 3387 illum
1057 3357 1168 3390 accusare
1185 3359 1228 3391 au-

165 3437 189 3466 n.
202 3422 216 3466 8
228 3433 253 3469 et
265 3424 313 3479 32;
332 3422 460 3478 XXXIII,
475 3438 502 3481 73
512 3423 574 3477 XL,
590 3435 636 3477 nr,
650 3430 675 3466 et
720 3418 802 3477 deam;
815 3420 894 3466 Gron.
908 3421 950 3482 qui
968 3420 1039 3467 simul
1054 3433 1151 3479 monet,
1166 3421 1227 3469 male

165 3497 190 3544 in
201 3498 283 3545 aleam
297 3499 368 3564 (vide
379 3499 411 3546 ad
421 3502 433 3545 I
440 3534 448 3558 ,
459 3501 507 3558 23,
521 3516 546 3546 n.
560 3497 603 3561 ιο)
614 3498 676 3545 dare
720 3509 745 3545 et
755 3509 839 3546 contra
849 3498 994 3546 librosMSS
1003 3511 1061 3563 poet
1072 3517 1145 3563 quam
1153 3499 1229 3551 incul-

166 3578 252 3633 XLII,
267 3577 300 3623 50
314 3588 339 3624 et
353 3577 395 3640 59.
722 3578 771 3622 cari
783 3576 851 3638 quod
861 3577 886 3624 h.
896 3577 914 3624 l.
926 3588 950 3625 et
961 3579 1063 3635 XXVI,
1077 3580 1106 3633 6,
1121 3595 1144 3625 n.
1156 3578 1184 3634 3,
1203 3589 1228 3624 et

199 3655 262 3701 Car.
277 3656 368 3701 XLIII.
382 3673 403 3703 1.
420 3657 500 3717 eram
516 3654 628 3701 oratione
642 3655 679 3702 ad
721 3654 786 3718 apud
801 3655 852 3703 Cic.
865 3673 892 3719 p.
907 3655 958 3703 red.
972 3658 1059 3703 insen.
1071 3673 1092 3703 c.
1103 3658 1149 3713 263
1164 3655 1226 3702 vitio

166 3745 257 3794 tempus
273 3743 297 3778 et
316 3749 365 3779 rem
376 3746 484 3796 parata,
503 3744 676 3798 attemperata,
721 3745 802 3780 utrum
813 3733 939 3789 orationis,
950 3749 983 3779 an
992 3734 1039 3789 rei,
1052 3735 1148 3790 nescio,
1161 3733 1227 3780 haud

165 3810 362 3868 accommodata,
376 3822 439 3870 tum,
454 3823 479 3859 et
489 3824 620 3876 praeterea,
633 3829 678 3860 au·
721 3813 830 3860 dixerim.

166 3889 293 3944 ctoritate,
313 3900 359 3936 etc.
759 3894 782 3939 3.
794 3893 877 3938 Senem
886 3906 911 3938 sc
918 3890 1072 3956 perfirnctrim
1083 3891 1226 3947 horroribus,

203 3983 227 4013 n.
237 3966 308 4031 Cujus
316 3982 360 4030 ego
368 3965 404 4012 rei
413 3983 462 4013 non
473 3980 532 4026 tam,
544 3981 679 4033 tantopere,
723 3982 803 4028 recte,
813 3972 912 4034 opInor,
925 3981 952 4017 ut
963 3987 1015 4035 cap.
1028 3978 1061 4026 4ο
1071 3983 1132 4019 extr.
1143 3974 1187 4020 etsi
1200 3971 1227 4020 τὸ

174 4046 224 4109 ipse
242 4045 471 4109 arisim2..purgata
489 4061 540 4105 est,
561 4049 680 4111 eleganter
724 4049 852 4095 bonoribus
865 4050 973 4112 plerique
987 4050 1049 4098 MSS
1061 4052 1182 4114 ignorant.
