2768 4574
151 339 219 422 324
277 387 281 403 .
574 337 786 406 T.LIVII
889 363 892 372 ·

149 462 250 531 tione
280 469 502 541 castrorum,
531 473 726 554 postquam
753 456 992 554 pugnandum
1018 457 1106 528 vidit
1118 467 1148 545 ²,
1179 460 1229 528 iu

148 570 265 667 prima
289 571 363 639 acie
384 584 468 640 ante
490 570 588 666 signa
610 568 822 666 elephantos
849 568 1012 639 collocat.
1032 571 1135 639 Circa
1155 594 1227 640 eos

111 681 237 779 ,laevo
268 681 306 749 in
333 704 448 749 cornu
474 677 646 749 adversus
671 678 863 751 Claudium
891 679 1014 749 Gallos
1039 681 1224 776 opponit,

147 788 244 861 haud
259 805 401 860 tantum
419 791 469 860 eis
485 787 622 875 fidens,
639 804 818 886 quantum
833 788 879 858 ah
895 788 1000 861 hoste
1020 791 1139 861 timeri
1154 815 1224 863 eos

147 899 329 972 credebat.
355 906 435 997 Ipse
462 899 631 971 dextrum
658 921 774 970 cornu
802 901 977 973 adversus
993 907 1046 971 M.
1071 902 1225 972 Livium

146 1009 215 1080 sihi
241 1025 352 1106 atque
373 1011 541 1107 Hispanis
566 1010 621 1105 (et
645 1009 696 1079 ihi
717 1013 872 1082 maxime
899 1014 937 1081 in
960 1026 1083 1083 vetere
1101 1013 1224 1084 milite

146 1145 248 1218 spem
277 1119 456 1214 habehat)
475 1121 639 1216 sumpsit.
660 1123 811 1216 Ligures
831 1123 869 1191 in
890 1120 1012 1192 medio
1037 1137 1120 1218 post
1142 1124 1224 1194 ele-

144 1232 302 1329 phantos
321 1232 449 1327 positi3
468 1230 529 1301 sed
549 1230 712 1328 longior,
732 1256 842 1328 quarn
859 1232 982 1318 latior,
1007 1234 1101 1304 acies
1118 1249 1222 1323 erat;

143 1343 270 1414 Gallos
302 1342 515 1438 prominens
543 1340 646 1411 collis
678 1340 854 1438 tegebat:
884 1366 927 1412 ea
953 1340 1074 1427 fronS,
1103 1366 1223 1439 quam

144 1454 296 1552 Hispani
317 1448 530 1539 tenebant3,
558 1478 640 1523 cum
666 1455 810 1524 sinistro
828 1460 1085 1539 Romanorum
1099 1479 1224 1548 cornu

145 1565 342 1636 concurrit.
358 1570 494 1635 Dextra
512 1565 631 1634 omnis
649 1567 740 1636 acies
755 1579 857 1635 extra
873 1565 1037 1662 praelium
1051 1566 1225 1639 eminens

145 1675 333 1747 cessabat:
355 1675 456 1746 collis
477 1676 666 1772 oppositus
690 1675 853 1764 arcebat,
878 1701 925 1745 ne
951 1691 1014 1746 aut
1035 1700 1055 1746 a
1074 1673 1223 1766 fronte,

145 1800 208 1855 aut
229 1785 274 1856 ab
297 1786 409 1855 latere
429 1784 721 1880 aggrederentur.
741 1791 843 1856 Inter
856 1786 997 1856 Livium
1010 1785 1226 1859 Hasdruba-

143 1895 290 1992 lemque
316 1897 445 1990 ingens
464 1909 693 1964 contractum
714 1910 898 1966 certamen
921 1911 1016 1984 erat,
1037 1911 1227 1993 atroxque

144 2001 257 2077 caedes
276 2007 461 2100 utrimque
485 2003 672 2075 edebatur.
701 2006 757 2076 Ibi
778 2005 890 2078 duces
913 2007 1040 2093 ambo,
1064 2005 1115 2078 ibi
1134 2033 1228 2106 pars

146 2117 262 2211 major
275 2115 440 2213 peditum
460 2116 699 2213 equitumque
714 2141 947 2187 romanorum
960 2145 969 2205 3
987 2116 1038 2187 ibi
1048 2119 1225 2215 Hispani,

146 2240 249 2295 vetus
272 2225 375 2294 miles
399 2225 611 2320 peritusque
635 2251 793 2295 romanae
818 2252 969 2324 pugnae,
992 2241 1031 2297 et
1047 2229 1223 2324 Ligures,

146 2335 279 2404 ‹lurtrm
313 2335 351 2402 in
383 2335 491 2404 armis
514 2359 639 2442 ‘genus
653 2338 688 2404 l.
714 2334 852 2407 Eodem
882 2339 975 2407 versi
1008 2336 1223 2434 elephanti,

143 2565 352 2633 proficiscentium
370 2567 437 2624 ritu,
456 2567 499 2629 qui
516 2566 659 2630 plerumque
704 2566 783 2623 πίω,-
797 2567 855 2613 Ern.
878 2579 946 2615 extra
964 2567 1062 2627 locum,
1080 2566 1225 2630 ambitum,

143 2656 208 2694 arma
216 2662 259 2693 sua
268 2656 361 2709 gestant
370 2646 401 2692 ab
411 2645 519 2692 humeris
528 2660 658 2709 suspensa;
703 2661 774 2692 usum
790 2646 886 2709 praelii,
905 2647 969 2693 ultra
984 2647 1089 2694 frontem
1107 2646 1227 2698 bostium

100 2751 107 2762 ι
143 2727 223 2776 Rhen.
239 2727 277 2774 cf.
293 2726 324 2773 ad
339 2726 418 2782 XIII,
430 2725 475 2782 33,
489 2741 514 2775 n.
529 2740 552 2783 7.
571 2723 659 2771 Itineri
702 2725 879 2788 praeliantem,
894 2726 953 2772 iiber
968 2725 1008 2772 die
1020 2725 1227 2796 LinieaBauer.)

145 2805 202 2855 edd.
214 2818 276 2854 anit.
702 2803 826 2861 cessabat,
843 2821 951 2868 pugnare
965 2821 1016 2852 non
1029 2816 1128 2869 poterat
1138 2805 1226 2872 (unde

179 2901 204 2933 a.
216 2889 349 2949 Postquam
353 2883 516 2948 pregnantium
525 2881 591 2929 vidit
598 2885 657 2930 Has·
702 2883 724 2928 ei
738 2899 797 2929 mox
809 2882 883 2929 statio
900 2884 979 2947 segnis
996 2883 1141 2949 tribuitur),
1157 2888 1224 2950 quia

144 2966 243 3025 drubal,
256 2977 303 3014 etc.
316 2965 346 3012 de
360 2980 408 3027 qua
419 2979 502 3028 pugna
515 2963 547 3009 ad
560 2963 656 3009 Metau-
701 2961 769 3009 collis
782 2961 918 3025 oppositus,
933 2962 976 3026 qui
989 2962 1085 3028 tegebat
1095 2964 1185 3013 Gallos
1194 2967 1225 3015 in

143 3061 198 3092 rum
212 3055 237 3092 et
252 3047 339 3090 Senam
351 3044 417 3091 conf.
434 3041 526 3104 Polyb.
537 3043 589 3099 XI,
605 3041 655 3086 1·3.
700 3042 764 3088 laevo
778 3044 910 3090 Poenorum
924 3059 1019 3101 cornu,
1034 3045 1147 3101 arcebat,
1160 3062 1224 3110 pro-
1272 3046 1277 3054 '

143 3123 335 3186 *Elephantos
345 3123 429 3169 decem
439 3137 479 3184 ap.
487 3119 575 3183 Polyb.
585 3121 656 3183 quin·
700 3120 812 3178 bibebat,
823 3138 854 3168 ne
862 3123 1052 3187 aggrederentur
1060 3122 1145 3170 Gallos
1154 3137 1162 3175 :
1171 3142 1223 3189 qna

144 3202 225 3249 decim
237 3218 277 3265 ap.
292 3201 401 3264 Appian.
413 3201 473 3247 Bell.
490 3199 599 3247 Hannib.
615 3199 655 3245 52.
701 3217 726 3247 re
741 3201 816 3248 fretus
830 3202 967 3249 Hasdrubal
981 3202 1100 3266 impetum
1117 3203 1180 3252 feeit
1194 3205 1224 3252 in

144 3307 178 3316 -
192 3282 248 3342 lpse
261 3279 375 3326 dextrum
388 3295 477 3335 cornu,
489 3290 535 3326 etc.
552 3278 656 3325 mediam
701 3278 799 3326 Livium
808 3280 980 3344 sinistrumque
987 3283 1156 3329 Romanorum
1167 3299 1223 3332 cor·

143 3359 221 3406 aciem
235 3376 275 3422 sp.
286 3357 374 3422 Polyb.
702 3375 745 3406 nu.
758 3359 796 3407 cf.
811 3358 843 3405 ad
853 3359 906 3406 haee
920 3372 945 3407 et
957 3375 1008 3423 seq.
1020 3360 1111 3424 Polyb.
1124 3362 1181 3422 xl,
1200 3380 1223 3412 r.

180 3439 204 3486 3.
223 3439 263 3484 Ea
269 3435 358 3501 frons,
377 3454 452 3500 quam
469 3436 576 3500 Hispani
594 3448 658 3484 tene·
704 3436 827 3485 strothius
840 3437 872 3485 ad
884 3440 1099 3505 xm,a1(uhiv.
1112 3452 1168 3490 not.
1178 3441 1223 3509 9),
1235 3496 1241 3501 ,

144 3519 204 3564 bant
223 3528 247 3564 et
269 3516 423 3575 Hasdrubal,
444 3517 558 3564 dextrum
581 3532 660 3564 cornu
704 3525 798 3574 monet,
810 3515 925 3563 dextram
934 3518 1012 3565 aciem
1020 3535 1072 3566 esse
1084 3521 1224 3570 Poenorum

143 3599 290 3654 Poenorum,
308 3612 363 3642 erim
378 3595 474 3643 sinistro
493 3598 659 3643 Romanorum
704 3594 840 3652 sinistram,
856 3613 910 3659 quar
924 3599 1042 3645 Romanis
1057 3598 1090 3645 ad
1107 3599 1223 3650 dextram

143 3692 232 3731 cornu,
246 3677 285 3721 cui
299 3674 381 3722 Livius
393 3675 509 3738 praeerat,
519 3675 657 3722 concurrit:
701 3674 821 3731 suerit,ut
830 3676 1019 3724 moxsinistrum
1027 3677 1132 3726 bostium
1143 3680 1224 3739 latus,

144 3753 234 3800 dextra
251 3753 328 3800 ormiis
346 3753 426 3810 acies,
447 3753 559 3802 dextrum
579 3771 657 3801 cornu
702 3753 828 3811 dextrum,
840 3756 1040 3818 quod‘ltomanis
1053 3757 1128 3806 fuerit
1141 3759 1177 3808 ad
1192 3761 1225 3808 si-

145 3833 656 3899 (utlx,40;xtt111,2921.),seil.1t0-
701 3832 812 3880 histrum.
833 3835 906 3882 conf.
921 3852 981 3883 mox
995 3848 1048 3884 not.
1059 3836 1084 3884 6.
1099 3839 1148 3884 Pro
1161 3839 1225 3888 emi·

143 3913 657 3977 manorum,‘cuiClaudiuspraeerat‚extra
703 3927 761 3957 nem
778 3912 854 3959 Drak.
872 3917 938 3976 conj.
959 3915 1059 3965 eminus.
1079 3919 1158 3964 Forte
1172 3918 1224 3982 leg.

139 3989 254 4052 prolium
266 3991 370 4037 eminens
384 3990 499 4052 (inedito
511 3993 568 4039 loeo
582 3990 658 4036 collo·
703 3991 827 4050 Humanis.

143 4080 210 4128 cata,
223 4080 280 4127 aut,
300 4081 328 4116 ut
345 4073 437 4130 ml,
458 4079 504 4131 47,
517 4070 659 4135 prominens
740 4077 763 4125 4.
778 4073 877 4137 Ligures
895 4074 982 4123 dierum
998 4075 1022 4122 in
1036 4073 1112 4122 aruris
1123 4091 1226 4140 gentes,-
