2768 4574
1087 273 1112 309 A·
1128 272 1149 311 C·
1166 272 1211 309 206.

171 292 241 379 406
512 284 514 289 ’
606 295 645 359 T.
679 252 817 360 mvii
1087 329 1209 378 aaut

169 417 258 488 levia
272 438 338 511 per
352 415 582 484 excursiones
602 413 723 509 praelia
733 412 868 510 solent.
886 417 942 481 Ira
960 413 1072 509 magis
1085 436 1235 482 accensa

152 521 321 594 'adverso
340 523 465 620 praelio
488 521 650 593 Barbaris
672 524 745 612 est,
766 547 874 619 quam
896 523 1079 592 imminuti
1099 523 1232 621 animi:

169 639 310 732 itaque,
335 659 381 704 ne
402 633 560 731 perculsi
581 633 812 718 viderentur,
833 633 951 730 prima
979 632 1059 702 luce
1086 646 1234 728 postero

168 744 226 815 die
244 744 283 812 in
302 744 413 814 aciem
432 768 651 840 processere.
672 747 756 815 Non
775 741 941 841 capiebat
959 766 1087 812 omues
1110 742 1233 838 copias

166 868 334 950 angusta,
352 854 445 924 sicut
462 854 697 925 antedictum
714 869 787 941 est,
802 854 903 924 vallis
923 880 930 920 :
949 854 1030 924 duae
1045 852 1158 942 ferme
1172 877 1233 949 pe-

165 965 281 1037 ditum
303 979 445 1061 partes,
473 966 591 1036 omnis
615 967 797 1061 equitatus
822 967 861 1034 in
882 965 996 1035 aciem
1019 961 1230 1035 descendit:

163 1075 263 1171 quod
281 1076 647 1173 reliquum'peditum
666 1092 762 1164 erat,
789 1072 942 1172 obliquo
960 1076 1233 1146 constituerunt

164 1181 290 1255 colle3.
307 1186 446 1282 Scipio,
459 1209 526 1282 pro
537 1211 574 1257 se
585 1211 662 1257 esse
676 1187 748 1258 loci
757 1189 941 1284 angustias
952 1202 1068 1273 ratus,
1081 1201 1117 1256 et
1131 1184 1231 1282 quod

164 1296 201 1364 in
215 1309 315 1366 arcto
334 1319 458 1393 pugna
469 1322 626 1368 romano
648 1299 787 1395 aptior,
808 1322 917 1394 quam
934 1298 1089 1395 hispano
1105 1297 1230 1383 militi,

140 1436 141 1448 ¹
163 1404 285 1477 sutura
298 1406 508 1497 videbatur,
528 1423 564 1479 et
582 1408 683 1505 quod
703 1410 742 1481 in
761 1433 844 1480 eum
860 1409 981 1480 locum
998 1408 1158 1479 detracta
1172 1406 1232 1477 ho

163 1518 272 1587 stium
287 1519 379 1588 acies
402 1533 513 1606 esset,
533 1520 597 1615 qui
615 1544 691 1590 non
706 1543 855 1590 omnem
876 1517 1145 1589 multitudinem
1167 1542 1230 1586 eo-

162 1650 243 1695 rum
267 1642 429 1723 caperet,
451 1653 550 1699 novo
570 1629 677 1699 etiam
700 1629 852 1700 consilio
875 1627 1023 1724 adjecitl
1044 1629 1228 1698 animum:

162 1737 322 1831 equitem
337 1762 405 1807 nec
425 1763 461 1807 se
476 1761 581 1834 posse
597 1726 1011 1809 circumdare'cornibus
1026 1739 1152 1807 intem
1168 1761 1229 1808 an-

161 1858 267 1940 gusto
293 1847 429 1942 spatio,
457 1861 493 1917 et
510 1845 623 1934 hosti,
647 1872 758 1944 quem
779 1873 863 1918 cum
885 1847 1008 1944 pedite
1027 1847 1228 1935 eduxisset,

163 1953 330 2023 inutilem
354 1953 442 2025 fore.
469 1962 596 2051 Itaque
624 1959 778 2054 imperat
804 1958 933 2046 Laelio,
961 1973 1003 2027 ut
1027 1983 1094 2055 per
1120 1958 1228 2029 colles

162 2088 273 2160 quam
295 2065 540 2136 occultissimo
563 2066 692 2138 itinere
716 2069 961 2139 circumducat
988 2069 1147 2164 equites,
1172 2093 1228 2137 se-

160 2189 377 2271 gregetque,
396 2190 575 2273 quantum
588 2179 720 2273 possit,
737 2194 944 2275 equestrem
959 2178 1149 2275 apedestri
1164 2201 1227 2274 pu-

160 2305 281 2376 gnam.
311 2289 392 2381 Ipse
419 2287 542 2356 omnia
567 2288 666 2384 signa
689 2287 853 2385 peditum
881 2291 920 2358 in
947 2287 1071 2359 hostes
1094 2289 1222 2357 vertit:

161 2406 319 2488 quatuor
342 2395 509 2468 cohortes
533 2400 573 2468 in
595 2397 716 2470 fronte
745 2400 887 2485 statuit,
908 2400 993 2493 quia
1013 2398 1117 2466 latius
1135 2421 1225 2492 pan-

162 2501 248 2574 dere
274 2506 386 2576 aciem
411 2531 487 2577 non
511 2506 688 2605 poterat5.
710 2513 854 2578 Moram
877 2505 1064 2604 pugnandi
1087 2505 1224 2574 nullam
1325 2594 1328 2600 Ι

156 2711 188 2740 0ae
201 2713 225 2744 a.
238 2725 272 2732 -
286 2700 324 2745 Ne
331 2702 440 2763 perculsi
450 2703 599 2750 viderentur.
618 2705 667 2748 An·
711 2701 835 2756 eominus,
846 2693 987 2761 συστάδην,
990 2700 1055 2762 pede
1062 2700 1161 2756 collato,
1169 2717 1223 2764 sup,

156 2784 195 2820 tea
201 2775 326 2839 legebatur
327 2781 396 2843 pulsi
400 2816 407 2837 ‚
419 2781 462 2828 sed
469 2793 533 2829 recte
540 2782 666 2844 vulgatum
711 2796 735 2825 n.
751 2795 775 2825 2.
794 2780 866 2827 Conf.
879 2779 910 2826 ad
922 2779 954 2835 V,
969 2779 1016 2836 38,
1031 2795 1056 2825 n.
1068 2786 1098 2837 43
1112 2781 1163 2834 VI,
1179 2795 1223 2838 ια,

156 2856 261 2916 conjecit
269 2858 409 2907 Rhenanus.
422 2861 467 2908 En.
710 2875 735 2904 n.
748 2874 760 2917 7
771 2875 778 2916 ;
790 2859 891 2914 XXVI,
908 2873 949 2918 17,
967 2874 992 2904 n.
1006 2859 1034 2916 33
1045 2859 1160 2914 XXVII,
1177 2860 1223 2915 46,

191 2934 215 2980 3.
232 2935 335 3000 Obliquo
352 2939 528 2986 constituerunt
542 2939 615 2993 colle,
628 2937 666 2984 lo·
710 2954 736 2986 n.
747 2953 772 2986 α.
781 2937 919 3001 quuoque
931 2937 1011 2984 firmat
1022 2937 1110 3001 Polyb.
1124 2939 1174 2993 XI,
1189 2937 1220 2982 32

156 3027 284 3074 caverunt,
297 3030 447 3080 posuerunt,
463 3019 538 3065 scibo.
551 3017 665 3076 barbari3
709 3031 773 3069 extr.
788 3021 834 3068 ubi
845 3020 920 3069 dicit:
932 3015 999 3068 κατὰ
1011 3015 1056 3075 τὰς
1070 3015 1094 3078 ἐξ
1105 3015 1222 3084 ὁμολόγσυ

154 3092 232 3141 Gron.
248 3094 411 3143 Constiterant
422 3096 502 3144 Rhen.
518 3108 542 3144 et
556 3097 587 3144 al.
603 3096 663 3155 Τοὺς
708 3095 749 3148 καὶ
761 3092 889 3153 συστάδην
903 3096 987 3167 μάχας
1001 3108 1115 3144 romanos
1133 3095 1221 3142 milites

154 3170 178 3220 ἰν
193 3175 224 3236 τῇ
238 3176 364 3244 παρωρείᾳ
375 3176 553 3245 τεταγμένους,
567 3196 613 3242 per
626 3181 664 3225 iu·
707 3177 780 3241 longe
795 3178 906 3242 hispanis
919 3189 1034 3241 praestare
1052 3175 1085 3223 ob
1105 3176 1221 3222 virtutem

153 3249 210 3299 flma
235 3255 306 3301 collis
330 3256 407 3303 latera
426 3255 577 3320 fflspositos,
600 3254 664 3303 dixit
707 3267 732 3304 et
744 3273 819 3321 genus
828 3273 957 3304 armorum.
968 3257 1005 3304 De
1015 3256 1088 3303 armis
1097 3255 1219 3318 Hispano·

154 3330 242 3395 Polyb.
253 3336 304 3392 XI,
314 3336 347 3382 33
357 3352 395 3399 pr.
406 3362 440 3371 -
453 3340 501 3383 Pro
514 3352 540 3382 se
553 3352 602 3382 este
615 3336 664 3382 loci
706 3351 773 3393 rum,
784 3335 843 3383 vide
853 3336 884 3383 ad
899 3336 989 3383 librum
1002 3337 1091 3392 XXII,
1103 3350 1156 3396 cap.
1171 3334 1219 3390 46,

152 3413 291 3474 angustias,
316 3413 363 3460 sibi
384 3415 468 3472 utiles,
492 3426 662 3478 opportunas,
707 3426 791 3462 n.2et
801 3415 823 3462 3.

151 3489 275 3551 faventes,
288 3505 316 3540 ut
330 3493 385 3539 loca
399 3505 423 3540 et
434 3509 511 3557 genus
519 3509 608 3557 pugnat
614 3509 661 3557 pro
743 3502 767 3548 4.
780 3494 848 3540 Novo
863 3493 938 3539 etiam
948 3491 1048 3537 consilio
1062 3490 1153 3554 adjecit
1163 3489 1219 3535 ani-

153 3565 220 3615 leste
225 3569 301 3635 ficere
308 3573 440 3630 XXXIX,
452 3573 491 3620 do.
500 3600 535 3608 —
551 3575 581 3619 In
593 3585 662 3620 arcto
706 3589 784 3629 mrem,
795 3572 934 3634 intelligens
944 3587 986 3617 seu
998 3581 1114 3633 reputans
1124 3585 1219 3626 secum,

145 3663 233 3711 pugna
255 3667 357 3697 romano
379 3651 478 3715 optior,
500 3653 533 3700 ob
553 3653 662 3700 eamdem
706 3667 750 3698 nee
764 3668 789 3698 se
794 3666 867 3714 posse
880 3648 1033 3696 circumdare
1048 3648 1153 3712 equitem
1166 3664 1220 3694 cor·

149 3741 261 3787 causam,
281 3731 314 3777 ob
333 3729 406 3794 quam
424 3732 451 3778 in
470 3733 531 3780 locis
554 3734 661 3796 asperis,
707 3731 791 3786 nibus,
809 3729 920 3792 equitatu
936 3730 973 3775 uti
987 3728 1017 3774 ad
1033 3726 1153 3774 firmanda
1167 3743 1220 3773 cor·

148 3804 284 3856 Dulccoll.
298 3825 319 3856 c.
335 3827 349 3856 α,
367 3823 391 3859 et
406 3813 447 3857 32.
463 3814 493 3858 In
507 3824 576 3858 arcto
591 3813 663 3869 loco,
707 3826 770 3865 uua,
793 3819 818 3854 et
840 3807 905 3854 busti
922 3808 1046 3870 equitem,
1071 3823 1142 3871 quem
1165 3820 1220 3852 cum

148 3885 172 3933 it
191 3893 269 3955 στενῷ
282 3904 321 3951 ap.
332 3890 421 3955 Polyb.
432 3893 462 3936 In
473 3891 520 3937 loci
529 3890 661 3954 angrtstit's,
704 3888 787 3952 pedite
808 3887 931 3934 eduxisset
947 3906 959 3934 e
978 3887 1061 3934 castris
1083 3887 1108 3933 in
1128 3886 1218 3944 aciem,

142 3964 197 4021 rel,
225 3975 252 4010 ut
264 3982 336 4025 mox,
348 3968 373 4014 in
387 3980 438 4016 tam
451 3981 553 4032 angusto
568 3969 659 4032 spatio;
709 3965 890 4032 t'ttrttilemfore.

146 4043 327 4105 autpotius,ne
336 4046 446 4094 idembis
457 4048 563 4107 dicatur,
573 4065 627 4111 quae
636 4047 663 4095 fit
745 4047 768 4094 5.
781 4046 865 4095 Latius
874 4046 985 4110 pandere
998 4044 1075 4091 aciem
1086 4061 1134 4100 non
1144 4055 1218 4106 pote·
1297 4092 1301 4100 ,

68 4222 235 4304 -i

221 4262 226 4271 .
