2768 4574
1075 304 1098 337 Α.
1112 300 1134 338 C.
1150 312 1197 339 ara.

162 344 202 389 ta
581 321 620 387 Τ.
651 321 808 387 LlVlI'
1074 359 1196 409 unsa

157 443 329 526 tireutur,
354 437 419 509 ubi
440 441 559 511 Latini
576 438 787 538 suffragium
809 437 956 510 ferrent.
980 442 1130 511 Interim
1155 466 1223 539 pu·

157 549 291 622 blicani
317 553 435 620 Cascae
457 550 614 638 instare,
636 565 677 621 ut
695 549 850 621 concilio
876 547 1011 620 diem¹²
1039 551 1222 624 eximeret.

156 659 318 757 Populus
333 658 525 732 reclamare
544 688 551 731 :
572 676 608 732 et
626 660 721 733 forte
736 663 773 732 in
789 685 903 731 cornu
920 661 1058 758 primus
1076 662 1224 735 sedebat

156 776 277 858 Casca,
294 771 353 841 cui
368 771 472 841 simul
486 787 605 844 metus
618 771 811 869 pudorque
826 774 987 841 animum
1000 768 1030 814 ¹³
1042 771 1220 844 versabat.

155 885 281 974 Quum
294 883 332 951 iu
346 907 391 952 eo
406 906 535 979 parum
549 882 704 980 praesidii
721 897 831 971 esset,
846 882 1034 953 turbandae
1049 885 1100 954 rei
1116 908 1246 987 causa·

156 992 343 1092 publicani
357 1017 590 1090 pervacuum
606 995 644 1064 in
664 993 836 1066 submoto
848 997 877 1046 ¹⁴
896 995 1016 1066 locum
1037 1020 1155 1065 cuneo
1175 996 1225 1064 ir-

157 1118 354 1202 ruperunt,
372 1105 560 1203 jurgantes
583 1104 690 1176 simul
706 1131 794 1176 cum
818 1108 956 1204 populo
981 1105 1223 1201 tribunisque.
1280 1123 1282 1127 ·

157 1219 233 1288 Nec
246 1216 374 1312 procul
388 1217 618 1289 dimicatione
631 1243 689 1290 res
704 1234 798 1307 erat,
812 1245 926 1316 quum
940 1219 1085 1291 Fulvius
1098 1218 1226 1290 consul

147 1325 333 1416 tribunis,
348 1331 507 1400 «Nonne
520 1327 668 1417 videtis,
687 1330 823 1427 inquit,
842 1355 906 1400 vos
925 1332 963 1400 in
984 1330 1148 1401 ordinem
1172 1355 1227 1400 co·

159 1543 429 1603 enutriebatur.
448 1542 521 1593 conf.
539 1545 671 1610 Spanhem.
715 1563 740 1593 n.
756 1546 786 1613 8)
803 1546 942 1611 irruperunt
961 1563 992 1594 ex
1007 1545 1102 1594 emend.
1115 1547 1227 1594 Gronov.

105 1647 107 1651 ¹
158 1624 219 1672 Orb.
228 1626 302 1671 Rom.
316 1625 343 1681 1,
355 1639 379 1682 7,
391 1634 416 1670 et
428 1624 505 1671 Gron.
517 1624 596 1688 Epist.
607 1626 670 1683 218,
716 1629 784 1688 cujus
792 1637 850 1673 nota
860 1638 895 1674 est
907 1641 913 1674 :
924 1649 935 1666 ιι
945 1627 1058 1672 Submoto
1069 1625 1179 1672 incedere
1188 1625 1228 1672 vel

157 1703 185 1750 iu
195 1702 257 1768 Syll.
271 1703 350 1767 Epist.
361 1705 444 1750 laum.
457 1714 517 1750 tom.
528 1704 579 1762 1113
589 1715 616 1750 ut
624 1719 673 1750 sor-
716 1722 789 1771 agere
800 1706 944 1754 dicebantur
962 1707 1115 1770 magistratus
1133 1721 1226 1752 roman.

159 1781 530 1846 tirenturtribus,scilicetquae
541 1793 672 1847 eseetprae·
716 1785 788 1851 (vide
804 1786 836 1833 ad
853 1789 903 1844 111,
926 1796 971 1845 14,
985 1804 1010 1834 n.
1026 1785 1056 1852 a)
1070 1802 1146 1849 quum
1163 1786 1229 1832 inter

159 1863 283 1927 rogativa,
297 1877 328 1908 ae
348 1860 404 1911 dein
421 1860 566 1927 suffragium
576 1860 674 1927 fhrreut
715 1865 876 1929 frequentiam
893 1866 1036 1926 bominum,
1054 1867 1169 1914 lictorum
1184 1863 1229 1910 mi·

160 1943 225 2002 conj.
246 1943 324 1989 Gron.
343 1952 370 1987 ut
382 1940 534 1997 sortiremur,
548 1957 578 1987 ae
594 1940 675 1988 sortiti
716 1944 817 1992 nisterio
829 1957 854 1993 et
869 1946 1077 1993 animadversione
1092 1944 1178 1992 cedere
1191 1943 1229 1990 lo·

160 2038 179 2068 e.
185 2019 209 2084 f.
220 2019 261 2067 rel
271 2020 356 2085 potius
365 2019 407 2067 ubi
418 2018 483 2084 (quo
493 2017 595 2084 ordine)
611 2021 674 2067 latu·
716 2040 820 2088 cumque
841 2025 897 2072 dare
912 2027 1021 2087 jussum,
1038 2023 1229 2090 progredieban-

160 2099 184 2147 ri
194 2097 264 2165 suffr.
277 2110 355 2146 essent
367 2099 460 2148 Stroth.
470 2111 534 2158 ute,
549 2099 593 2165 qui
602 2116 629 2148 su
651 2117 672 2148 r.
716 2117 769 2164 tur,
782 2105 821 2154 vel
834 2106 946 2170 agebant.
960 2111 997 2155 Ita
1012 2106 1054 2153 hic
1066 2121 1161 2152 varicus
1174 2103 1229 2150 sub·

153 2177 253 2243 ferrent
263 2180 338 2226 Doer.
716 2197 781 2234 moto
798 2185 878 2241 Iocus,
900 2185 956 2248 qui,
976 2201 1021 2249 per
1033 2184 1138 2230 viatores
1152 2181 1228 2229 trihu-

198 2273 238 2306 12.
251 2260 284 2304 tu
294 2256 397 2305 concilio
406 2257 469 2304 diem
481 2258 672 2314 eaeimeree;vid.
716 2264 795 2310 nicios
817 2263 940 2310 discedere
965 2264 1031 2322 jussa
1054 2261 1143 2324 plebe,
1165 2260 1230 2306 inter

160 2337 191 2384 ad
204 2340 229 2396 1,
248 2338 297 2396 50,
316 2353 341 2384 n.
358 2336 475 2384 'u-ln
488 2352 578 2393 cornu,
592 2337 618 2384 in
632 2354 673 2384 ex-

160 2429 236 2466 trema
243 2428 286 2463 aut
294 2417 401 2481 primore
410 2426 479 2481 parte
488 2415 673 2474 subselliorum,

160 2497 187 2542 in
198 2512 281 2543 arcum
291 2507 333 2544 aut
346 2489 491 2545 semicirculi
507 2497 610 2543 formam
625 2497 675 2544 col·

160 2576 308 2633 locatorum,
318 2575 345 2622 iu
356 2575 445 2639 quibus
456 2575 574 2623 sedebant
581 2576 673 2623 tribuni

160 2654 241 2721 plebis
262 2655 333 2721 (uam
351 2653 465 2702 subsellia
487 2666 544 2702 suut
561 2655 674 2702 tribuno·

161 2750 229 2791 rum,
239 2750 291 2781 uon
301 2734 423 2793 tribunal;
436 2735 482 2782 etsi
493 2750 547 2794 eos,
561 2735 604 2798 qui
618 2750 674 2782 cum

161 2814 256 2878 populo
277 2814 396 2878 agebant,
421 2814 452 2862 de
471 2815 528 2862 loco
549 2814 674 2878 superiore

162 2894 238 2958 egisse
248 2906 340 2942 certum
354 2906 403 2951 est,
413 2905 438 2942 et
447 2893 495 2941 hoc
507 2895 580 2942 etiam
594 2894 618 2941 iu
632 2911 674 2941 ea-

157 2974 211 3039 pite
218 2973 330 3036 primore
340 2973 512 3021 subselliorum
521 2974 571 3020 dici
583 2985 673 3038 potest,

161 3065 190 3101 ut
203 3054 271 3117 apud
284 3054 370 3102 Sidon.
387 3055 434 3118 Ep.
446 3056 471 3112 1,
486 3069 515 3114 7,
529 3053 555 3100 in
568 3053 618 3100 imo
631 3069 674 3099 ca-

158 3131 212 3197 pite
221 3133 387 3182 subselliorum
396 3130 518 3196 consedit)
528 3150 539 3188 ,·
558 3142 586 3179 ut
597 3147 673 3177 cornu

162 3228 227 3277 saepe
253 3213 284 3261 de
305 3225 412 3261 extrema
437 3213 566 3261 multarum
593 3227 673 3258 rerum

162 3304 232 3356 parte
242 3293 347 3351 dicitur3
359 3291 425 3340 nuk.
436 3302 460 3339 et
474 3291 566 3339 Stroth.
582 3291 673 3339 Confer

163 3371 195 3418 ad
208 3373 267 3420 Tac.
282 3375 348 3420 dun.
362 3373 386 3430 1,
407 3371 452 3430 75,
473 3386 498 3416 u.
516 3385 542 3427 13
563 3369 595 3416 ad
606 3372 672 3419 Suet.

163 3451 219 3499 m.
235 3452 280 3510 ss,
301 3463 326 3500 et
339 3450 514 3515 truppvner.
528 3450 633 3508 uum,
649 3435 675 3510 7,

163 3542 213 3579 ext.
228 3547 253 3578 a.

201 3610 240 3658 13.
258 3611 338 3656 Metus
347 3609 478 3673 pudorque
493 3607 602 3656 animum
616 3624 672 3655 ver·

163 3690 253 3746 sabim
264 3687 321 3736 vide
332 3689 363 3736 ad
372 3691 411 3746 ll,
426 3689 459 3743 45
465 3723 472 3748 ,
483 3704 508 3735 n.
522 3688 546 3736 6.

202 3777 241 3826 14.
255 3767 384 3814 Publiceni
388 3783 436 3831 per
444 3774 552 3815 riacuum
562 3766 671 3813 submoto

716 2343 794 2406 ipsam
810 2353 835 2389 et
848 2342 961 2389 tribunos
975 2339 1135 2388 interlucehat
1152 2350 1175 2385 et
1192 2338 1230 2384 in-

717 2421 844 2469 tervallum
858 2419 977 2467 faciebat:
990 2420 1016 2465 in
1029 2417 1096 2481 quod
1113 2417 1229 2480 irrupisse

716 2500 863 2564 publicanos
880 2511 904 2546 et
921 2499 1033 2546 tribunos
1046 2514 1059 2544 a
1072 2497 1144 2561 plebe
1156 2497 1230 2543 inter·

717 2581 830 2639 clusisse,
849 2596 903 2626 cum
923 2579 1031 2641 utrisque
1046 2579 1184 2640 jurgantes,
1199 2592 1230 2623 ex

718 2659 798 2723 capite
823 2659 936 2720 sequenti
960 2657 1044 2720 liquet.
1066 2657 1169 2703 Tribuni
1190 2656 1230 2715 jus

717 2737 879 2785 submovendi
902 2753 953 2784 non
974 2736 1095 2783 habebam
1117 2749 1123 2783 :
1149 2747 1229 2782 tamen

716 2817 743 2864 in
758 2816 870 2864 conciliis
885 2817 1000 2863 submoto
1009 2815 1184 2872 considebant;
1198 2815 1229 2862 cl.

717 2899 755 2955 Π,
767 2896 827 2943 56.»
837 2897 874 2942 Ex
883 2895 992 2955 ejusdem
1002 2897 1047 2944 MS
1057 2897 1112 2943 rur.
1124 2894 1231 2941 lectione

716 2974 759 3039 (ire
779 2990 871 3021 summo
890 2974 939 3021 tolo
959 2991 1035 3021 erineo
1054 2975 1086 3036 i.)
1109 2972 1230 3020 efficiebat

715 3053 779 3101 hanc
789 3068 795 3102 :
806 3054 831 3100 in
839 3053 962 3100 submotos
974 3069 1049 3100 erineo
1063 3052 1079 3098 i.
1095 3051 1138 3098 sed
1150 3051 1230 3114 legere

716 3133 820 3180 malebat
834 3149 840 3181 :
855 3133 879 3180 in
888 3148 995 3180 varicum
1001 3147 1049 3194 per
1058 3129 1181 3176 submotos
1195 3129 1206 3176 Ι
1220 3157 1231 3165 -

716 3229 771 3259 cum
781 3229 802 3259 c.
812 3213 829 3261 i.
840 3212 867 3259 id
879 3223 928 3268 est,
947 3210 1012 3257 facto
1030 3224 1109 3255 cuneo
1124 3225 1168 3271 per
1181 3218 1231 3254 tur*

715 3292 772 3340 bam
789 3292 930 3354 irruperunt
941 3289 967 3335 in
981 3304 1037 3334 eum
1047 3288 1145 3346 locum,
1158 3301 1231 3350 quem

716 3383 786 3418 antea
804 3369 885 3434 plebis
905 3383 962 3430 pars
982 3378 1158 3431 occupaverat,
1184 3381 1231 3427 qua

716 3451 828 3497 submota
847 3447 916 3493 locus
936 3443 978 3493 ille
999 3457 1050 3493 erat
1062 3445 1231 3504 vacuefactum

714 3540 743 3576 ut
754 3529 788 3574 ita
799 3535 890 3574 starent
900 3526 964 3572 inter
973 3524 1070 3588 plebem
1082 3537 1106 3572 et
1118 3523 1231 3572 tribunos

715 3606 830 3669 suffragia
851 3604 994 3667 colligentes
1014 3619 1020 3652 ε
1043 3600 1111 3667 quod
1132 3620 1164 3649 ex
1177 3618 1230 3665 cap.

715 3703 766 3749 seq.
779 3697 854 3750 patet.
865 3686 913 3730 Per
924 3699 1033 3731 vacuum
1041 3700 1057 3729 a
1069 3681 1184 3729 submotis
1195 3681 1233 3728 lo-

716 3783 786 3822 cum,
804 3764 847 3812 ubi
861 3763 954 3810 tribuni
965 3762 1084 3827 populum
1101 3761 1230 3823 submove-

163 3848 270 3920 populo,
287 3848 327 3895 vel
337 3846 361 3894 iu
374 3848 497 3904 submoto,
512 3849 672 3909 increpatur,
717 3855 784 3903 rant,
805 3858 881 3889 cuneo
900 3842 1038 3905 irruperunt
1051 3840 1099 3906 (ne
1112 3841 1161 3906 ipsi
1171 3854 1233 3902 quo·

162 3928 230 3985 unde
237 3928 345 3993 populus
358 3927 486 3976 submotus
495 3938 546 3975 erat
555 3925 599 3991 (ut
609 3926 672 3973 forte
716 3941 764 3988 que
774 3922 914 3971 submoveri
927 3918 1045 3985 possent)
1068 3922 1135 3981 conj.
1155 3921 1230 3965 Doer.

164 4008 273 4056 submoto
284 4005 527 4065 incedereXXVIIL
538 4002 672 4069 27‚n.1o)‚
718 4004 763 4053 Cui
780 4002 881 4051 lectioni
899 4001 965 4049 idern
985 4002 1142 4059 adversatur,
1163 3996 1232 4060 quod

84 4108 88 4115 ·
166 4087 244 4136 locum
254 4086 352 4136 concilii
364 4102 440 4135 cuneo
454 4086 524 4148 (vide
536 4086 569 4134 ad
581 4088 620 4146 11,
634 4085 674 4145 ⁵0,
719 4094 804 4132 contra
815 4085 892 4133 Grou.
904 4081 1001 4130 monuit
1012 4080 1123 4152 Strotlr„
1136 4079 1168 4124 ita
1181 4093 1232 4123 non
