2768 4574
185 258 250 374 tsi:
265 287 311 380 3232
346 295 440 361 me.
464 294 628 362 xxvn.
652 294 755 361 car.
779 294 904 362 xvn.
929 297 1073 364 xvru.
1155 293 1226 365 263

157 438 288 499 caasa,
307 437 381 482 non
401 438 553 500 nomen,
562 415 698 504 faciat.
716 415 846 485 Merita
861 415 947 486 inde
973 417 1094 487 suain
1114 415 1228 489 duces

158 523 462 620 carthaginienses
477 525 797 612 commemoravit,
819 525 1001 596 avaritiam
1019 541 1147 598 contra
1161 553 1226 599 eo-

157 658 240 704 rum
266 632 546 732 superbiamque
574 650 610 706 et
636 634 755 705 omnis
777 634 920 732 generis
944 635 1092 729 injurias
1116 637 1155 705 in
1187 661 1226 707 se

157 760 268 841 atque
287 744 493 843 populares.
519 751 649 843 Itaque
667 769 796 842 carpta
814 740 1023 816 duntaxat⁸
1046 770 1152 815 suam
1174 746 1229 816 ad

157 856 199 926 id
214 871 354 952 tempas
376 855 481 953 apud
498 857 715 955 eosfuissee
729 859 893 935 animum
905 855 991 948 jam
1004 855 1153 951 pridem
1177 855 1232 925 ibi

157 989 253 1048 esse,
275 964 341 1034 nbi
355 967 422 1060 jus
441 990 485 1034 ac
493 967 563 1056 fas
582 964 769 1036 crederent
783 963 863 1034 coli.
884 963 952 1034 Ad
969 964 1056 1034 deos
1082 989 1229 1062 quoque

157 1078 351 1171 confugere
365 1076 563 1173 supplicer,
588 1080 655 1172 qui
672 1091 858 1172 nequeant
872 1075 1063 1144 hominum
1076 1081 1153 1144 vim
1172 1091 1228 1144 at·

157 1209 229 1282 que
247 1188 398 1280 injurias
406 1192 503 1283 pati.
525 1189 570 1257 Se
583 1186 625 1255 id
641 1188 846 1282 Scipionem
865 1210 989 1272 orare,
1006 1201 1047 1255 ut
1064 1191 1228 1267 transitio

156 1295 236 1366 sibi.
246 1320 312 1365 nec
316 1297 454 1386 fraudi
467 1296 573 1393 apud
587 1321 687 1382 earn,
709 1319 775 1366 nec
793 1294 926 1366 honori
941 1301 997 1366 sit.
1022 1295 1158 1388 Quales
1180 1320 1230 1366 ex

157 1406 229 1477 hac
253 1406 313 1475 die
334 1406 561 1502 experiundo
587 1411 763 1502 cognorit,
781 1408 939 1503 perinde
958 1431 1080 1504 operae
1103 1431 1230 1476 eorum

148 1517 473 1612 pretiamfaceret.
495 1522 550 1587 Ita
567 1541 717 1615 prorsus
736 1516 936 1614 respondet
953 1516 1137 1588 facturum
1155 1523 1231 1587 Ro·

159 1636 330 1714 manus93
347 1651 416 1700 nec
433 1651 501 1724 pro
518 1626 714 1726 transfugis
731 1625 964 1718 habiturum,
979 1629 1044 1723 qui
1063 1652 1140 1698 non
1161 1626 1231 1698 du-

160 1739 281 1809 xerint
303 1739 513 1816 societatem
536 1753 672 1827 ratam,
693 1739 758 1819 ubi
779 1764 848 1810 nec
873 1739 987 1810 divini
1005 1739 1231 1836 quidquam,

157 1875 226 1921 nec
243 1849 395 1920 humani
416 1865 582 1936 sanctum
601 1865 705 1922 esset.
725 1848 912 1933 Productae
933 1850 1065 1922 deinde
1084 1852 1124 1920 in
1144 1874 1230 1921 con·

158 1975 324 2059 spectum
344 1961 387 2031 iis
403 1960 576 2058 conjuges
599 1958 779 2056 liberique
797 1958 1079 2055 lacrymantibus
1097 1958 1231 2056 gaudio

157 2070 384 2158 redduntur,
419 2085 530 2167 atque
564 2093 609 2141 eo
644 2069 702 2140 die
737 2070 778 2139 in
814 2068 1015 2166 hospitium
1045 2068 1194 2140 abducti
1219 2096 1227 2139 ε

157 2195 307 2277 postero
330 2179 388 2251 die
411 2179 549 2251 foedere
571 2192 719 2276 accepta
740 2176 850 2266 fides,
872 2177 1084 2275 dimissique
1103 2178 1148 2250 ad
1170 2205 1231 2251 co·

157 2292 235 2388 pias
262 2289 504 2362 adducendas.
534 2289 668 2362 Iisdem
697 2288 829 2361 deinde
861 2291 986 2362 castris
1012 2290 1231 2380 tendebant,

157 2401 277 2474 donec
298 2401 453 2473 ducibus
469 2402 512 2472 iis
530 2399 577 2472 ad
594 2399 736 2471 hostem
755 2413 974 2496 perventum
993 2415 1056 2471 est.

206 2504 338 2572 XVIII.
357 2499 547 2573 Proximus
571 2497 924 2597 Carthaginiensium
946 2500 1125 2569 exercitus
1139 2505 1230 2570 Has-

160 2607 321 2679 drubalis
343 2633 459 2708 prope
483 2608 616 2681 urbem
636 2608 842 2691 ,Baeculam
872 2622 948 2679 erat
977 2635 984 2676 ε
1011 2633 1078 2707 pro
1107 2612 1230 2680 castris

160 2718 327 2813 equitum
348 2720 520 2790 stationes
544 2716 714 2791 habebat.
737 2724 780 2789 In
800 2743 860 2790 eas
880 2719 1005 2789 velites
1024 2722 1231 2818 antesigna-

160 2828 286 2925 nique,
304 2831 416 2925 etqui
430 2830 538 2927 primi
556 2831 708 2927 agminis
723 2842 844 2918 erant,
860 2827 1098 2930 advenientes
1110 2854 1155 2899 ex
1173 2831 1230 2900 iti-

160 2963 249 3011 nere
264 2992 274 3025 ,
290 2938 392 3037 prius
409 2963 520 3037 quam
544 2942 669 3012 eastris
683 2940 806 3011 locum
823 2954 1015 3039 caperent,
1035 2939 1126 3013 adeo
1141 2965 1230 3014 con-

161 3157 331 3218 deserueruu13
350 3157 475 3206 Drakenh.
500 3159 573 3207 Conf.
594 3160 626 3208 ad
645 3161 672 3218 1,
716 3160 870 3218 x,38;xt,
881 3159 1232 3225 20‚etAppian.IIispau.23,

161 3237 196 3286 25
202 3273 209 3297 ,
222 3255 248 3285 n.
263 3247 287 3295 4.
301 3266 336 3276 -
349 3238 442 3287 Merita
454 3237 511 3286 inde
523 3255 582 3287 sua.
590 3274 596 3287 .
604 3255 674 3287 .ava·
718 3247 762 3295 24.
774 3238 826 3305 (Ad
836 3255 890 3303 quae
901 3239 956 3287 laea
965 3240 1015 3288 vid.
1027 3237 1175 3305 Schweigh.)
1186 3241 1232 3288 Ille

160 3316 380 3372 ritiam...earum,
390 3319 436 3367 His
446 3317 487 3366 dat
495 3318 575 3366 lucem
584 3318 674 3383 Polyb.
718 3317 840 3370 Βαικύλαν
856 3321 897 3370 vel
914 3319 1038 3383 Βαίκυλα,
1052 3323 1093 3371 hie
1108 3319 1231 3376 Βαιτὺκην

159 3395 204 3442 lib.
213 3398 268 3456 tx,
279 3397 306 3444 in
317 3400 433 3463 Excerpt.
443 3398 474 3446 de
485 3399 583 3448 VIrtute
596 3409 621 3447 et
629 3398 672 3446 vi·
716 3397 823 3462 appellat
834 3397 933 3460 urbem,
946 3416 1020 3463 quam
1029 3415 1108 3464 prope
1117 3400 1231 3448 Castulo-

160 3474 210 3523 tiis.
225 3476 270 3522 En.
716 3492 773 3525 nem
788 3489 899 3541 ponunt,
919 3478 964 3525 sed
982 3478 1066 3542 steph.
1086 3480 1147 3542 Byz.
1163 3478 1231 3528 haud

196 3555 220 3601 8.
231 3557 321 3618 Itaque
333 3573 420 3622 corpus
431 3557 568 3615 duntaxat,
581 3568 629 3605 etc.
639 3555 671 3605 cf.
715 3556 790 3620 longe
806 3557 837 3604 ab
851 3558 973 3605 Herculeo
987 3557 1059 3606 freto.
1074 3557 1186 3604 Ptaeh'um
1199 3560 1230 3607 ab

159 3632 332 3694 adxxxlx,
347 3643 390 3696 47,
402 3652 427 3683 n.
438 3644 462 3692 4.
716 3635 869 3684 Hasdrubale
878 3637 1003 3700 Gisgonis,
1012 3652 1064 3685 non
1073 3636 1230 3697 Hamilcaris,

195 3727 222 3774 9.
238 3714 375 3776 Respondet
384 3712 515 3778 facturum
534 3717 657 3764 Romanus
662 3734 673 3774 ,·
717 3715 770 3764 filio
780 3727 804 3764 et
815 3716 847 3763 ad
856 3717 1003 3765 Carmonem
1015 3715 1171 3764 commissum
1182 3728 1231 3765 tra·
1248 3730 1259 3751 ⁹

159 3791 217 3840 vide
226 3791 258 3838 ad
269 3793 384 3854 XXXII,
398 3809 439 3855 11,
451 3812 477 3842 n.
488 3803 513 3851 4.
716 3796 754 3844 dit
768 3795 897 3860 Appianus
915 3794 1007 3860 (quum
1026 3795 1088 3844 duos
1102 3797 1177 3844 duces
1194 3797 1231 3846 di·

195 3875 257 3923 Car.
268 3875 364 3922 xvtlt.
379 3888 401 3923 1.
416 3875 546 3924 Exercitus
560 3875 671 3923 Hasdru·
716 3891 845 3939 versasque
859 3875 940 3923 clades
953 3875 1093 3924 confudisse
1107 3867 1157 3936 jam
1174 3893 1230 3925 mo-

160 3952 223 4000 bulis
227 3968 306 4018 prope
315 3954 398 4001 urbem
406 3955 542 4013 Boeculam,
554 3955 673 4005 inmultis
716 3957 772 4005 nuit
793 3956 930 4019 Schweigh.
950 3956 983 4004 ad
1002 3955 1091 4020 Polyb.
1107 3958 1146 4015 X,
1165 3957 1231 4024 38),

161 4033 225 4082 MSS
245 4043 270 4082 et
285 4031 343 4083 edd.
355 4034 476 4085 Betulam.
497 4035 569 4086 Cous.
584 4036 672 4101 Polyb.
717 4052 797 4102 prope
810 4035 935 4085 Baeculam
946 4034 1045 4094 Livius,
1060 4047 1085 4084 et
1101 4035 1203 4098 longius
1217 4053 1236 4081 a
1337 4090 1343 4095 ⁶
