2782 4568
189 310 214 350 Α.
228 311 250 352 (ἶ,
263 324 306 362 ²⁰7·

191 372 305 418 w„
402 334 554 401 LIBER
583 337 743 417 XXVII.
771 337 875 404 CAP.
898 338 974 405 XL.
1147 335 1219 431 309

163 466 310 548 angeret
328 464 447 541 cura¹,
466 478 555 550 quos
579 470 653 524 tam
662 462 842 553 propitios
869 457 958 526 Urbi
975 472 1085 553 atque
1103 463 1216 555 impe·

163 567 217 632 rio
236 565 325 653 fore
346 564 447 650 deos,
477 580 518 634 ut
541 566 667 635 eodem
695 584 853 665 tempore
878 567 1066 664 utrobique
1092 592 1218 663 respu-

164 672 258 742 blica
278 698 453 771 prospere
481 678 688 771 gereretur?
715 676 851 746 Adhuc
882 676 1036 747 adversa
1058 677 1222 748 secundis

154 783 349 878 pensando
373 809 448 854 rem
473 785 527 855 ad
548 785 589 855 id
609 802 747 882 tempus
770 801 969 856 extractam
992 810 1077 856 esse.
1098 789 1220 878 Quum

164 897 201 960 in
235 893 342 964 Italia
369 895 422 965 ad
448 900 695 966 Trasimenum
723 911 760 965 et
785 899 929 966 Cannas
956 878 1222 992 proecqritasset

162 1024 316 1072 romana
340 1014 426 1090 res²,
440 1029 615 1102 prospera
638 1004 731 1074 bella
750 993 793 1094 in
806 1010 988 1102 Hispania
999 1004 1218 1102 ‘prolapsam

164 1135 245 1181 eam
268 1119 432 1184 erexisse.
453 1120 585 1185 Postea
609 1140 721 1212 quam
749 1121 787 1185 in
807 1120 989 1213 Hispania
1015 1115 1090 1204 alia
1114 1140 1231 1212 super:

96 1276 103 1290 ,
163 1220 275 1291 aliam
293 1222 430 1310 clades,
449 1225 590 1295 duobus
611 1230 760 1320 egregiis
781 1226 932 1314 ducibus
955 1231 1114 1311 amissis,
1130 1224 1222 1321 duos

163 1328 338 1402 exercitus
362 1350 534 1430 exparte
551 1333 701 1404 delesset
722 1333 853 1419 multa,
875 1333 1035 1403 secunda
1057 1339 1094 1404 in
1112 1332 1223 1406 Italia

164 1442 474 1541 Siciliaquegesta
492 1460 702 1542 quassatam
720 1439 1004 1540 rempublicam³
1019 1449 1220 1540 excepisse:

163 1567 200 1621 et
216 1559 332 1649 ipsum
355 1550 580 1625 interuallum
596 1553 682 1640 loci,
703 1555 805 1651 quod
827 1559 865 1623 in
886 1553 1018 1635 ultimis
1045 1568 1227 1623 terrarum

159 1666 235 1733 ‚oris
253 1662 405 1734 alterum
422 1663 553 1734 bellum
564 1680 759 1759 gereretur,
777 1668 936 1760 spatmm
949 1662 1089 1732 dedisse
1102 1662 1155 1734 ad
1169 1687 1222 1732 re·

162 1773 386 1868 spirandum.
401 1779 510 1846 Nunc
529 1774 602 1844 duo
623 1772 717 1844 bella
739 1779 776 1842 in
796 1771 944 1846 Italiam
965 1786 1129 1868 accepta,
1149 1771 1230 1845 duo.

163 1880 384 1953 celeberrimi
400 1890 555 1955 nominis
569 1885 700 1957 duces‘*
718 1890 946 1955 circumstare
963 1881 1088 1951 urbem
1100 1905 1224 1951 mma-

163 2015 269 2077 nam,
288 2010 324 2061 et
340 2019 453 2065 unum
472 1995 641 2065 inlocum
660 2010 771 2069 totam
778 1991 936 2091 periculi
949 1991 1097 2078 molem,
1116 2015 1233 2060 omne>

142 2125 254 2172 onus
271 2102 486 2176 incubuisse.
506 2109 581 2197 Qui
592 2130 717 2177 eorum
723 2111 831 2202 prior
842 2109 1002 2189 vicisset,
1023 2107 1221 2198 intrdpau

164 2235 223 2282 cos
236 2214 312 2283 dies
327 2231 445 2285 castra
459 2240 541 2286 cum
555 2214 897 2312 alterojuncturum.
908 2211 1080 2284 Terrebat
1094 2226 1129 2282 et
1142 2235 1222 2308 pro

163 2323 280 2393 ximus
300 2349 416 2396 annus
436 2324 600 2424 lugubris
618 2324 774 2396 duorum
795 2324 987 2397 consulum
1011 2320 1200 2394 funeribus
1215 2347 1231 2390 2·

163 2432 219 2503 his
249 2436 345 2505 anxii
371 2438 465 2507 curis
492 2434 925 2533 homines.digredientes
953 2435 992 2506 iu
1018 2431 1225 2530 provincias

164 2544 329 2616 consules
354 2549 568 2643 prosequuti
598 2561 692 2618 sunt.
724 2547 909 2617 Memoriae
936 2543 1122 2642 proditum
1152 2555 1225 2629 est,

164 2650 313 2746 plenum
338 2654 458 2727 adhuc
481 2654 566 2727 irae⁵
589 2659 627 2728 in
651 2660 745 2729 cives
766 2663 813 2727 M.
832 2656 992 2742 Livium,
1017 2652 1063 2722 ad
1086 2652 1224 2724 bellum

164 2749 470 2858 proficiscentem,
494 2769 660 2839 monenti
683 2772 728 2858 Q.
752 2764 879 2853 Fabio,
906 2788 953 2833 ne
965 2768 1090 2860 prius,
1113 2785 1222 2858 quam

198 2957 260 3004 Cn.
273 2958 324 3006 XL.
342 2972 364 3005 1.
382 2959 469 3016 Simul,
485 2977 559 3023 quum
570 2960 613 3009 illa
624 2978 670 3012 an·
715 2962 814 3010 delectet
827 2962 919 3020 multa,
936 2961 1054 3008 secundas
1068 2959 1093 3006 in
1108 2962 1130 3007 I.
1145 2962 1169 3007 S.
1188 2975 1226 3007 res

160 3047 229 3098 geret
240 3053 314 3094 cura,
329 3037 501 3104 quos...)‘bre;
510 3039 612 3088 observa
622 3051 671 3088 tam
714 3051 902 3105 conquassatam
915 3057 937 3087 r.
947 3056 967 3088 c.

162 3127 260 3164 mutatu
277 3133 349 3180 quem
364 3117 473 3182 obliqua
487 3120 605 3167 orationis
621 3122 671 3167 for·
750 3128 775 3176 4.
784 3122 839 3168 Duo
852 3119 928 3184 (vulg.
939 3114 1011 3181 duos)
1025 3115 1174 3164 celeberrimi
1185 3131 1225 3163 no·

162 3210 226 3243 mm
238 3211 285 3259 pro
297 3210 304 3244 :
318 3196 390 3247 simul
405 3197 534 3247 anxiosum
546 3197 672 3248 ottollini·
714 3199 786 3247 minis
799 3200 885 3256 duces,
908 3197 1070 3246 Hannibalem
1084 3194 1225 3243 Hasdruba-

162 3285 259 3333 torum,
272 3275 315 3338 qui
328 3276 364 3323 dii
374 3287 423 3324 tam
434 3276 537 3340 propitii
547 3277 624 3325 futuri
635 3294 671 3325 es·
714 3278 819 3343 lemque,
834 3277 990 3325 circumstare
996 3275 1077 3325 urbem
1084 3289 1222 3350 romanam,

163 3365 229 3413 noun
245 3357 319 3404 Doer.
340 3382 376 3392 -
395 3354 538 3419 Respublica
555 3372 671 3422 prospere
714 3348 1120 3421 inancepspcn'culumcdducere,
1131 3350 1225 3416 duplici

161 3444 299 3495 gematur,-
311 3434 368 3489 ciclo
377 3434 410 3482 ad
422 3437 459 3493 11,
472 3436 521 3494 64,
533 3451 559 3483 n.
570 3430 602 3483 3.'
714 3436 824 3500 periculo
845 3451 972 3500 premere,
994 3444 1022 3482 ut
1046 3431 1224 3485 circumiacere

199 3525 223 3556 a.
241 3511 420 3575 Pracipitassct
431 3529 535 3561 romana
549 3529 602 3572 res,·
615 3513 671 3562 vide
715 3517 837 3574 XXXIV,
848 3530 890 3572 αι,
901 3514 948 3571 38;
958 3510 1127 3559 circumvenire
1136 3520 1161 3557 et
1170 3509 1224 3557 alic.

162 3586 194 3636 ad
203 3590 273 3636 Pras.
282 3606 307 3638 n.
317 3592 356 3638 13.
621 3622 625 3631 -
715 3594 753 3644 Cf.
764 3593 888 3651 XXXIV,
898 3593 928 3651 37
941 3608 979 3656 pr.

200 3669 224 3715 3·
240 3667 333 3726 Multa,
343 3671 450 3720 munda
471 3671 524 3739 (rec
542 3671 669 3738 secunda)
750 3673 774 3721 5.
786 3673 888 3720 Plenum
900 3669 1051 3724 aduraim,
1064 3677 1112 3715 etc.
1122 3664 1225 3714 Contra-

163 3747 189 3795 in
207 3746 284 3795 ltalia
297 3748 428 3813 Siciliaqiu
441 3763 512 3815 gesta
527 3763 671 3817 quassatam
713 3750 860 3819 numu-adit
869 3749 911 3799 Sil.
924 3749 983 3807 XV,
998 3748 1047 3808 598
1064 3762 1102 3808 cq·
1116 3772 1151 3781 -
1164 3745 1224 3807 Qui·

163 3842 237 3891 remp.
250 3826 388 3891 campum
401 3828 500 3878 vidend
514 3833 539 3890 1,
550 3831 635 3891 53‚,n.
645 3831 668 3880 5.
714 3831 770 3880 dam
787 3830 847 3878 dant
865 3828 912 3877 ira.
932 3827 995 3885 Sed,
1015 3835 1116 3872 notante
1134 3823 1228 3878 Dru..

162 3904 296 3954 Distinetio
318 3905 358 3953 vel
376 3917 432 3955 autc
454 3909 493 3963 vel
515 3921 573 3975 pou
592 3911 670 3958 multa
714 3908 818 3974 Quintil.
828 3910 888 3959 Inu.
898 3908 966 3954 Orat.
976 3907 1027 3963 IX,
1037 3904 1050 3950 ³
1061 3919 1099 3968 pr.
1110 3901 1225 3951 observat

161 3983 224 4049 poni
241 3995 332 4049 potest.
349 3984 443 4033 Vocem
455 3998 525 4051 geua
542 3988 671 4039 delendam
714 4005 799 4039 omues
806 3989 907 4039 Vetcrcc
915 3996 940 4034 et
949 3982 1093 4035 Ciceronem
1102 3978 1226 4048 precipue

161 4074 233 4133 putat
241 4066 316 4115 Docr.
328 4067 440 4117 «Θεοῦ.
448 4065 552 4116 malebat
562 4052 672 4133 capam
710 4068 811 4134 plenum
829 4065 886 4114 uini
905 4080 958 4113 non
978 4062 1038 4123 'uina
1061 4060 1172 4121 ditium
1195 4057 1227 4105 td
