2768 4574
1104 305 1127 342 Λ.
1140 301 1164 342 C.
1181 317 1229 343 m.

194 323 260 396 138
619 330 656 393 T.
689 327 828 394 LIVII
1104 362 1164 404 nc.
1180 367 1230 411 nu

186 440 303 514 facere
325 457 520 541 potuerant
533 455 557 534 ¹,
580 443 740 515 alienatis
761 440 946 514 mentibus
967 443 1054 513 vino
1077 439 1123 511 ab
1142 443 1259 512 immi·

187 555 306 644 nentis
322 577 430 625 sensu
451 555 552 642 mali,
563 579 745 625 venenum
758 579 885 624 omnes
895 566 1127 650 sumpserunt
1143 580 1151 622 :
1166 552 1258 649 inde¹

186 663 295 734 misso
310 664 492 750 convivio,
513 664 648 735 dextris
667 666 762 736 inter
778 689 815 735 se
830 664 921 735 datis
935 663 1137 760 ultimoque
1150 688 1258 734 coru-

186 771 315 871 plexu,
341 772 636 870 collacrymantes
665 799 771 845 suum
792 776 990 872 patriaque
1014 798 1153 860 casum,
1173 773 1256 861 alii,

92 870 96 875 ⁸
185 898 227 952 ut
247 882 376 954 eodem
393 908 484 984 rogo
505 900 771 971 cremarentur,
795 899 1025 971 manserunt,
1044 884 1102 955 alii
1123 883 1257 954 domos

186 991 332 1090 digressi
351 1010 446 1066 sunt.
463 996 623 1093 Impletae
638 995 727 1066 cibis
742 996 902 1103 vinoque
920 1020 1021 1065 venae
1039 996 1159 1064 minus
1177 991 1257 1064 effi-

185 1129 304 1175 cacem
319 1106 357 1175 in
371 1106 586 1176 maturanda
605 1120 721 1177 morte
739 1109 812 1175 vim
824 1105 957 1176 veneni
972 1102 1176 1174 fecerunt²:
1194 1103 1256 1174 ita·

184 1239 260 1311 que
274 1229 421 1286 noctem
435 1230 547 1286 totam
567 1215 731 1313 plerique
746 1241 873 1286 eorum
888 1230 924 1286 et
939 1214 1011 1286 diei
1028 1215 1256 1310 insequentis

182 1337 322 1426 partem
338 1349 452 1422 quum
478 1326 633 1398 animam
652 1321 841 1423 egissent
856 1350 980 1397 omnes
994 1339 1134 1410 tamen,
1150 1325 1256 1421 prius

184 1458 295 1530 quam
307 1437 533 1533 aperirentur
543 1435 844 1533 hostibusportoe,
856 1437 1093 1533 exspirarunt.
1103 1436 1255 1506 Postero

183 1544 240 1615 die
255 1560 360 1641 porta
368 1548 476 1633 Jovis,
489 1572 569 1643 quae
580 1546 750 1618 adversus
766 1560 880 1616 castra
889 1568 1038 1617 romana
1049 1557 1135 1630 erat,
1148 1543 1256 1636 jussu

183 1654 435 1750 proconsulisl
448 1670 571 1751 aperta
582 1669 647 1726 est.
660 1661 710 1725 Ea
722 1656 926 1724 intromissa
934 1653 1028 1749 legio
1039 1675 1111 1722 una
1126 1667 1162 1722 ct
1172 1650 1256 1723 duae

182 1763 245 1833 alae
265 1788 349 1834 curn
372 1769 409 1835 C.
426 1766 552 1837 Fulvio
573 1765 701 1860 legato.
719 1769 754 1833 Is
777 1788 891 1860 quum
908 1763 1072 1861 omnium
1090 1762 1257 1859 primum

182 1897 281 1944 arma
304 1874 469 1970 telaque,
493 1899 574 1969 quae
598 1877 730 1969 Capuae
754 1887 874 1958 erant,
901 1872 946 1941 ad
970 1896 1007 1941 se
1030 1868 1258 1943 conferenda

181 1999 356 2073 curasset,
372 1983 542 2054 custodiis
558 1983 603 2052 ad
616 2008 742 2054 omnes
761 1997 882 2080 portas
896 1981 1092 2079 dispositis,
1109 1981 1256 2076 nequis

181 2096 279 2165 exire
294 2108 356 2164 aut
371 2095 486 2164 emitti
504 2109 644 2191 posset,
659 2093 865 2192 presidium
884 2093 1060 2190 punicum
1083 2088 1257 2188 compre·

181 2203 324 2293 hendit,
338 2218 505 2276 senatum
523 2229 736 2302 campanum
751 2205 804 2273 ire
818 2205 856 2273 in
870 2216 984 2274 castra
999 2199 1044 2272 ad
1058 2203 1255 2298 imperato·

180 2337 238 2384 res
262 2340 433 2385 romanos
448 2315 563 2410 jussit.
587 2317 671 2404 Quo
690 2339 806 2410 quum
825 2315 1008 2384 venissent
1019 2309 1047 2400 ⁵,
1066 2311 1255 2409 extemplo

180 2424 237 2494 his
258 2425 428 2497 omnibus
451 2441 585 2498 catenae
612 2428 773 2522 injecta,
798 2425 961 2520 jussique
987 2422 1032 2493 ad
1053 2436 1258 2519 questores

180 2534 338 2624 deferre,
359 2537 458 2634 quod
481 2538 558 2608 auri
577 2538 789 2634 argentique
808 2535 996 2607 haberent.
1015 2534 1102 2605 Auri
1123 2532 1257 2630 pondo

178 2649 404 2745 septuaginta
419 2645 522 2736 fuit6,
535 2649 676 2745 argenti
686 2648 753 2717 tria
766 2645 876 2716 millia
891 2643 1015 2742 pondo
1031 2657 1067 2714 et
1079 2642 1253 2715 ducenta.

215 2879 275 2926 Car.
287 2881 357 2925 xlv.
377 2894 399 2927 1.
421 2880 543 2942 Quantum
551 2879 639 2945 facere
646 2896 693 2943 po-
737 2879 808 2928 Crev.
821 2879 951 2954 Confer-'ad
961 2881 998 2936 X,
1008 2886 1106 2938 to,n.7
1116 2886 1155 2936 ;et
1164 2848 1257 2937 ΧΧΙῪ,

180 2969 291 3015 ruerant,
304 2958 332 3008 τὸ
337 2956 426 3022 facere
439 2971 578 3022 suspectum
593 2958 658 3006 nuk.

215 3052 239 3082 2.
247 3037 357 3100 Impietas
370 3036 427 3103 gitis
440 3037 548 3101 vinoque
562 3053 633 3084 verice
647 3037 690 3084 mi-

179 3133 224 3163 nus
237 3115 361 3183 efficacem
373 3115 425 3162 vim
438 3116 527 3164 veneni
533 3115 558 3181 s
569 3117 607 3165 cf.
621 3118 688 3165 Suet.

179 3195 264 3245 Claud.
276 3203 322 3251 44,
332 3196 423 3242 etTac.
432 3196 569 3252 Anulffl,
577 3195 619 3254 67.

215 3275 239 3321 3.
250 3277 338 3337 Itaque
348 3290 433 3336 quum,
449 3273 571 3336 quamvis,
579 3273 691 3337 plerique

179 3336 262 3401 cirum
276 3352 309 3399 ob
319 3353 399 3399 minua
408 3350 531 3400 efficacem
539 3352 590 3399 vim
601 3354 691 3400 veneni

178 3432 286 3498 animam
294 3430 408 3496 egissent,
422 3443 556 3480 extremum
563 3431 690 3481 duxissent

178 3510 301 3575 spiritum,
316 3521 358 3556 ant
370 3510 447 3558 ritum
454 3511 603 3574 vivendique
615 3511 690 3559 facul-

177 3600 251 3637 tatem
275 3588 447 3653 perduxissent
460 3608 466 3650 ;
495 3591 525 3638 de
548 3590 689 3639 hominibus

176 3669 251 3716 morti
268 3669 389 3733 proximis
406 3669 472 3734 apud
495 3670 546 3718 Cic.
565 3688 591 3734 p.
614 3672 687 3718 Rosc.

178 3748 247 3796 Com.
261 3749 290 3805 83
303 3748 376 3795 Tuae.
387 3750 412 3805 1,
424 3765 439 3811 9
453 3760 478 3796 et
488 3749 518 3798 ul.

213 3834 237 3882 4.
244 3829 314 3872 Iussu
322 3828 475 3890 proconsulis
485 3827 571 3875 Fulvii.
586 3828 633 3876 Sed
642 3844 688 3892 po·

176 3904 225 3952 tius
233 3904 280 3968 leg.
288 3906 473 3968 proconsulum,
489 3918 518 3954 ut
526 3923 587 3954 mox
598 3907 635 3954 ad
643 3907 688 3955 im-

172 3996 300 4049 peratores
314 4001 436 4034 romanos.
453 3986 578 4051 —Legio
598 4001 648 4033 urm
665 3998 689 4034 et

177 4063 232 4116 duoe
245 4064 306 4122 alce,
322 4065 431 4134 equitum
442 4066 563 4118 exercitus
576 4065 689 4126 socialis;

737 2974 780 3015 ar,
792 2975 817 3006 n.
826 2961 850 3019 4.
861 2985 895 2994 -
905 2957 969 3005 Vide
978 2973 1077 3020 quoque
1088 2955 1201 3020 Lipsium
1208 2955 1256 3004 lib.

736 3037 761 3085 ΙΙ
775 3037 806 3084 de
821 3037 911 3084 Militia
922 3039 1027 3084 Roman.
1041 3033 1098 3082 dial.
1114 3050 1138 3094 7.
1154 3035 1204 3083 Eo.
1218 3061 1258 3071 -

737 3116 797 3163 Cum
809 3116 835 3163 C.
842 3115 925 3164 Fuluio
935 3117 1015 3180 legato
1023 3132 1033 3171 ,·
1047 3113 1131 3161 confer
1140 3130 1198 3177 cup.
1207 3114 1259 3174 33,

735 3205 760 3244 st
769 3196 886 3253 XXVII,
898 3197 992 3253 83cum
1004 3194 1029 3241 C.
1040 3191 1162 3240 Flaminio
1173 3188 1261 3240 Fulvii

735 3275 816 3339 legato
830 3274 930 3337 quidam
943 3275 1014 3322 MSS.
1035 3272 1126 3322 Confer
1143 3271 1177 3320 ad
1197 3269 1258 3336 esp'.

736 3360 778 3413 47,
793 3360 835 3414 49·

771 3433 795 3479 5.
804 3433 856 3494 Quo
865 3447 939 3494 quum
944 3431 1082 3487 venissen&
1089 3430 1121 3476 ul.
1128 3428 1260 3490 venissen

734 3512 1003 3569 videad1,41,n.1.
1245 3502 1249 3524 ³

769 3592 793 3638 6.
805 3590 869 3637 Auri
872 3589 958 3653 pondo
964 3591 1038 3637 LXX
1036 3587 1102 3653 fuit,
1115 3587 1170 3633 scil.
1183 3589 1261 3652 quod

733 3672 785 3716 auri
808 3669 933 3716 haberent.
958 3672 1080 3717 Summam
1109 3666 1262 3725 immaniter

733 3760 822 3814 augent
829 3750 891 3797 MSS
900 3751 954 3796 Put.
966 3750 1026 3811 Reg.
1039 3757 1063 3793 et
1071 3745 1101 3793 al.
1109 3745 1263 3796 Secundum

733 3828 841 3876 Creverii
850 3828 967 3885 rationes,
979 3841 1064 3874 aurum
1076 3823 1118 3870 hic
1128 3839 1264 3874 memora-

732 3919 783 3955 tum
796 3907 829 3954 ad
837 3923 929 3954 marcas
942 3917 1063 3954 nostrates
1077 3918 1126 3965 109
1136 3918 1198 3951 cum
1213 3907 1265 3954 tri·
1273 3926 1286 3939 ·

732 3987 778 4034 bus
789 3986 880 4044 unciis;
900 3998 1028 4049 argentum
1048 3998 1107 4032 vero
1125 3981 1159 4030 ad
1181 3983 1260 4034 5000

734 4066 873 4113 aestimatur.
885 4066 930 4112 En.
