2768 4574
196 347 267 442 370
598 349 637 412 Τ.
673 348 810 413 Ltvn
1106 326 1233 434 atat:

195 472 310 539 ximos
324 466 432 538 colles
451 490 532 536 cum
545 491 607 536 sex
622 465 779 536 millibus
792 464 903 536 ferme
919 467 1165 537 semiermium
1177 492 1260 539 eva-

195 582 250 649 sit.
273 577 399 649 Caeteri
417 577 494 645 caesi
509 577 675 671 captique
692 602 699 643 :
716 590 829 645 castra
843 575 1098 645 tumultuaria²
1116 578 1258 673 raptim

194 688 296 758 Poeni
315 684 455 755 tumulo
474 683 668 754 editissimo
687 685 994 770 communierunt,
1016 698 1123 780 atque
1143 685 1255 776 inde,

194 821 307 893 quum
324 794 438 865 hostis
452 792 700 890 nequidquam
717 792 837 865 subire
856 795 982 891 iniquo
1001 792 1178 866 adscensu
1194 819 1257 866 co-

193 922 299 977 natus
314 919 421 991 esset,
441 902 539 973 haud
558 901 750 973 difficulter
768 928 843 974 sese
863 903 967 973 tutati
982 917 1075 972 sunt.
1095 902 1166 973 Sed
1182 902 1255 975 ob-

193 1015 284 1086 sidio
298 1017 336 1084 in
350 1014 432 1084 loco
447 1010 547 1083 nudo
564 1026 673 1107 atque
686 1014 788 1109 inopi
802 1014 859 1082 vix
872 1015 910 1083 in
925 1036 1058 1109 paucos
1071 1011 1148 1082 dies
1163 1013 1254 1085 tole-

191 1123 313 1196 rabilis
339 1139 414 1193 erat
439 1149 446 1190 :
471 1124 592 1218 itaque
615 1123 842 1193 transitiones
867 1121 912 1192 ad
936 1120 1077 1191 hostem
1097 1120 1252 1193 fiebant.

190 1241 374 1305 Postremo
389 1232 459 1301 dux
479 1233 571 1328 ipse,
586 1230 737 1301 navibus
752 1233 905 1329 acceptis
923 1232 1008 1327 (nec
1021 1231 1149 1327 procul
1163 1233 1253 1305 inde

191 1342 313 1413 aberat
327 1340 464 1434 mare),
482 1355 588 1410 nocte
609 1340 732 1410 relicto
752 1343 926 1425 exercitu,
945 1339 1061 1411 Gades
1078 1339 1249 1440 perfugit.

191 1453 326 1548 Scipi0,
340 1448 423 1545 fug'a
437 1448 538 1519 ducis
552 1449 708 1519 hostium
730 1449 865 1535 audita,
880 1450 1004 1520 decem
1021 1450 1131 1520 millia
1146 1451 1252 1549 pedi-

191 1578 285 1648 tum,
300 1560 398 1630 mille
411 1563 550 1656 equites
563 1559 735 1655 relinquit
748 1559 868 1630 Silano
882 1559 926 1628 ad
939 1573 1138 1629 castrorum
1156 1558 1253 1632 obsi-

190 1670 348 1742 dionem.
358 1675 439 1765 Ipse
450 1693 531 1739 cum
548 1671 681 1739 caeteris
691 1670 817 1767 copiis,
831 1669 1099 1765 septuagesimis
1110 1672 1250 1759 castris,

187 1795 363 1879 protenus
383 1780 497 1849 causis
515 1780 721 1873 regulorum
737 1780 1005 1873 civitatiumque
1024 1803 1252 1875 cognoscen-

180 1890 261 1974 dis,
288 1903 329 1958 ut
357 1889 502 1985 praemia
525 1887 569 1956 ad
589 1913 709 1958 veram
737 1891 949 1959 meritorum
974 1889 1252 1960 aestimationem

187 1997 298 2068 tribui
313 2011 477 2094 possent,
491 2002 727 2068 Tarraconem
744 1998 860 2068 rediit.
883 2002 967 2067 Post
982 1997 1253 2095 profectionem

187 2106 264 2199 ejus
285 2105 490 2191 Masinissa,
514 2129 595 2174 cum
619 2106 738 2176 Silano
764 2108 854 2176 clam
876 2131 1105 2203 congressus,
1135 2124 1178 2179 ut
1205 2110 1252 2180 ad

186 2239 279 2284 nova
294 2214 441 2312 consilia
455 2229 597 2310 gentem
614 2240 762 2310 quoque
776 2240 876 2286 suam
890 2214 1119 2286 obedientem
1138 2215 1253 2290 habe·

183 2339 259 2413 ret,
280 2349 361 2393 cnm
381 2327 505 2422 paucis
519 2325 755 2422 popularibus
773 2328 811 2394 in
824 2324 974 2395 Africam
991 2327 1148 2419 trajecit3
1167 2352 1253 2398 non

183 2448 257 2503 tam
278 2433 436 2502 evidenti
463 2458 507 2502 eo
532 2448 695 2528 tempore
719 2432 845 2503 subitae
870 2430 1102 2504 mutationis³
1121 2458 1253 2526 causa,

184 2566 293 2637 quam
315 2542 534 2611 documento
554 2556 637 2637 post
661 2542 698 2610 id
721 2556 863 2638 tempus
883 2543 1179 2612 constantissimae
1203 2546 1254 2616 ad

183 2651 344 2721 ultimam
374 2664 553 2720 senectam
579 2649 681 2737 fidei,
704 2675 750 2720 ne
777 2665 854 2721 tum
881 2651 1027 2746 quidem
1054 2676 1139 2720 eum
1165 2654 1251 2726 sine

182 2758 363 2857 probabili
382 2783 487 2830 causa
505 2757 639 2828 fecisse.
664 2764 771 2855 Mago
790 2759 892 2848 inde,
910 2760 1064 2831 remissis
1085 2759 1131 2829 ab
1150 2767 1249 2834 Has-

181 2868 332 2939 drubale
342 2869 509 2955 navibuS,
527 2869 643 2939 Gades
659 2871 759 2965 petit.
775 2871 919 2956 Caeteri,
938 2869 1069 2940 deserti
1081 2869 1128 2939 ab
1143 2869 1251 2944 duci-

180 2977 265 3063 bus,
285 3002 367 3073 pars
387 2979 613 3065 transitione,
630 3003 711 3074 pars
730 2976 828 3074 fuga,
848 2979 1009 3077 dissipati
1028 3004 1092 3075 per
1114 2983 1248 3076 proxi-

180 3108 255 3153 mas
278 3086 436 3153 civitates
455 3100 563 3154 sunt:
584 3088 681 3156 nulla
699 3111 828 3172 manns
849 3114 1002 3159 numero
1022 3102 1084 3158 aut
1100 3089 1246 3163 vitibus

179 3193 335 3288 insignis.
364 3198 440 3262 Hoc
464 3195 618 3264 maxime
643 3196 773 3285 mod0,
801 3197 912 3295 ductu
941 3210 1048 3293 atque
1075 3199 1245 3294 auspicio

178 3421 269 3470 hostes.
283 3421 354 3470 Cous.
366 3438 438 3487 supra
448 3423 479 3470 ad
494 3439 546 3486 cap.
560 3424 605 3481 15,
624 3441 648 3471 n.
660 3425 682 3471 5.
719 3425 797 3491 fidei,
812 3426 864 3472 scil.
879 3425 994 3481 evidenti,
1009 3425 1036 3473 h.
1051 3441 1072 3471 e.
1085 3422 1135 3472 fide
1147 3439 1239 3489 postea

212 3516 238 3549 a.
255 3499 341 3548 Castra
358 3501 644 3559 tttmultuaria;ridead
657 3506 682 3560 1,
727 3504 852 3552 evidenter
877 3504 1008 3551 indicante.
1033 3506 1144 3550 Docente
1168 3504 1239 3566 fide;

178 3579 220 3639 37,
230 3586 288 3633 nt.
727 3583 825 3630 Crever.
840 3584 884 3629 Per
895 3582 1068 3629 documentum
1083 3579 1158 3640 fidei,
1179 3583 1206 3632 h.
1218 3602 1240 3632 e.

212 3658 236 3705 3.
250 3656 339 3704 Subitce
356 3657 496 3706 mutationis
512 3675 593 3707 causae
609 3660 682 3708 variae
726 3659 793 3722 quod
809 3659 858 3708 fide
877 3661 977 3719 docuit3
996 3663 1069 3708 Doer.
1087 3659 1240 3710 Constantis·

176 3735 313 3784 traduntur.
339 3736 411 3784 Conf.
430 3754 484 3802 cap.
505 3740 553 3797 353
575 3739 680 3803 Appian.
725 3736 787 3784 sima
799 3738 856 3804 fide
873 3740 967 3786 emend.
987 3739 1052 3787 nuk.
1072 3738 1121 3785 hoc
1143 3754 1237 3805 sensu:

175 3815 236 3861 Pun.
255 3831 301 3877 103
319 3817 390 3879 Hisp.
411 3817 456 3876 37;
476 3817 519 3864 Sil.
535 3820 613 3875 XVI,
633 3820 680 3864 118
725 3825 778 3862 tum
798 3818 895 3879 quidem
920 3835 971 3865 non
993 3819 1138 3874 exsistente,
1162 3833 1239 3882 appa-

175 3907 215 3954 eq.
226 3895 271 3939 132
280 3910 316 3956 sq.
324 3895 423 3942 -Vide
432 3911 528 3958 quoque
539 3894 571 3941 ad
578 3897 680 3954 XXIX,
724 3905 792 3941 rente
812 3897 898 3945 subitae
913 3897 1058 3959 ¹mutationis
1077 3911 1171 3953 eausa,
1192 3896 1238 3945 sed

176 3984 218 4030 ²9·
232 3973 277 4019 En.
296 3999 331 4008 —
353 3975 432 4034 Quam
446 3975 588 4021 documento
603 3973 680 4038 (iudi-
724 3975 917 4022 constantissima
937 3974 985 4022 fide
1008 3975 1138 4024 exsistente
1156 3974 1238 4024 dueu-

174 4046 226 4106 cio,
239 4050 393 4114 argumento)
409 4063 468 4114 post
480 4052 508 4100 id
518 4063 609 4116 tempus
615 4085 673 4100 .....
723 4062 819 4111 mento,
831 4070 862 4100 ne
875 4065 925 4101 tum
937 4053 1048 4117 quidem,
1061 4064 1107 4101 etc.

1161 4128 1208 4215 t.-
