2768 4574
184 303 306 407 33:332:
333 322 424 388 mn
444 321 584 386 xxix.
605 319 709 386 car.
727 320 887 387 xxvii.
907 320 1092 388 xxvur.
1140 321 1212 416 499

108 514 110 518 Α
157 459 315 539 tempus,
329 465 403 537 quo
415 437 549 536 pridie,
560 451 683 507 exorta
695 451 927 534 conspectum
943 452 1044 510 terrae
1061 439 1211 530 ademit,

158 566 194 623 et
216 566 345 623 ventus
361 562 547 646 premente
571 543 727 618 nebula6
745 545 883 616 cecidit.
905 551 986 618 Nox
1005 548 1134 622 deinde
1155 553 1211 622 iu·

157 661 309 731 certiora
326 660 445 730 omnia
467 655 549 729 fecit
568 658 715 753 :itaque
735 681 901 745 ancoras,
920 683 966 728 ne
986 674 1047 729 ant
1065 662 1157 732 inter
1176 689 1212 734 se

157 783 413 840 concurrerent
428 792 553 855 naves,
567 781 628 836 aut
642 781 744 836 terrae
761 764 992 852 inferrentur,
1002 769 1130 863 jecere.
1142 771 1215 843 Ubi

157 879 287 968 illuxit,
298 894 427 949 ventus
448 876 544 948 idem
562 891 727 962 coortuS,
743 874 876 946 nebula
895 875 1058 970 disjecta,
1073 883 1214 975 aperuit

157 991 278 1059 omnia
295 987 420 1059 Africae
439 987 579 1058 litora7.
610 987 744 1082 scipio,
767 985 868 1082 quod
893 1000 985 1056 esset
1008 989 1213 1083 proximum

156 1099 462 1196 promontorium,
478 1110 749 1194 percunctatus,
762 1121 875 1192 quum
887 1096 1031 1167 Pulchri
1047 1122 1216 1194 promon-

157 1209 292 1277 torium
307 1206 344 1276 id
360 1208 479 1276 vocari
494 1206 667 1292 audisset,
678 1205 821 1276 «Placet
838 1232 961 1295 omen,
982 1208 1119 1303 inquit;
1141 1208 1213 1280 huc

156 1315 297 1413 dirigite
315 1341 459 1386 naves».
487 1321 540 1386 Eo
559 1316 677 1386 classis
696 1315 873 1405 decurrit,
893 1319 1010 1414 ,copiae
1033 1343 1159 1389 omnes
1178 1321 1215 1389 iu

157 1440 289 1497 terram
312 1428 479 1522 expositae
500 1440 593 1496 sunt.
614 1430 825 1521 Prosperam
847 1428 1110 1524 navigationem
1136 1431 1213 1499 sine

102 1578 106 1584 ·
157 1550 294 1606 terrore
312 1559 352 1604 ac
365 1536 524 1605 tumultu
537 1532 660 1622 fuisse,
675 1535 861 1630 permultis
878 1537 999 1630 graccis
1020 1535 1213 1634 latinisque

157 1642 364 1715 auctoribus
391 1643 537 1714 credidi.
562 1644 695 1714 Coelius
715 1668 824 1730 unus,
854 1645 1214 1740 praeterquamquod

156 1780 233 1824 non
257 1779 389 1826 mersas
411 1753 579 1825 fluctibus
599 1778 723 1840 naves,
746 1750 893 1823 ceteros
917 1778 1040 1824 ornnes
1059 1754 1214 1826 caelestes

155 1866 424 1960 maritimosque
435 1876 795 1961 terrores,postremo
805 1860 990 1958 abreptam
1001 1876 1213 1959 tempestate

157 1973 202 2043 ab
215 1973 331 2045 Africa
351 1975 497 2045 classem
515 1973 560 2044 ad
577 1971 731 2042 insulam
751 1966 1006 2069 AEgimnrum⁸,
1021 1971 1105 2041 inde
1122 1998 1214 2068 aegre

159 2096 360 2152 correctum
376 2071 542 2167 cursum,
564 2082 734 2179 exponit3
754 2095 807 2169 et,
825 2105 940 2178 prope
960 2079 1215 2155 obrutisnavi-

157 2187 245 2277 bus,
265 2190 403 2284 injussu
427 2192 667 2287 imperatoris,
686 2189 841 2288 scaphis,
863 2188 961 2259 haud
982 2214 1084 2259 secus
1104 2216 1212 2286 qnam

157 2296 366 2395 naufragos,
380 2300 510 2371 milites
526 2301 602 2371 sine
621 2300 728 2371 armis
746 2325 826 2370 cum
847 2300 984 2396 ingenti
1001 2300 1212 2373 tumultuin

158 2418 291 2477 terram
315 2410 475 2480 evasisse.
718 2502 720 2506 v

204 2523 363 2591 XXVIII.
383 2522 559 2619 Expositis
580 2521 709 2617 copiis,
730 2521 881 2590 Romani
899 2535 1012 2591 castra
1033 2521 1070 2589 in
1090 2524 1211 2617 proxi-

158 2626 225 2693 mis
246 2628 392 2697 tumulis
411 2636 702 2700 metanturrtam
724 2632 857 2699 nonin
878 2631 1075 2699 maritimos
1103 2631 1212 2699 modo

159 2757 278 2828 agros,
298 2752 494 2832 conspectu
513 2739 669 2833 primum
684 2737 819 2823 classis,
834 2735 916 2805 dein
934 2735 1092 2805 tumultu
1111 2762 1213 2833 egre-

159 2840 334 2912 dientium
352 2844 389 2912 in
412 2858 558 2932 terram,
571 2870 683 2942 pavor
696 2858 886 2939 terrorque
905 2862 1131 2940 pervenerat,
1148 2846 1211 2917 sed

158 3107 211 3139 sum
220 3103 315 3155 petere,
329 3093 431 3156 propius
442 3093 474 3140 ad
487 3093 662 3157 Carthagmem.
708 3091 805 3149 dicitur,
819 3103 846 3139 ut
856 3094 896 3150 K,
908 3091 957 3150 35,
970 3108 994 3138 n.
1003 3093 1033 3150 3,
1050 3091 1097 3139 vise
1106 3092 1163 3140 dum
1171 3111 1212 3140 sa-

194 3171 219 3217 6.
231 3173 318 3217 Ventus
325 3182 450 3233 premente
462 3171 563 3228 nebula,
578 3187 664 3218 555555-
708 3169 737 3216 tis
751 3181 818 3217 certa
830 3171 883 3218 luce
895 3181 919 3216 et
932 3186 986 3217 eam
1002 3170 1079 3233 ipsam
1087 3184 1212 3233 premente
1286 3208 1295 3229 ,

158 3260 183 3298 te
203 3259 229 3296 et
249 3249 383 3308 constanti,
404 3249 503 3306 cecidit;
521 3249 585 3296 unde
605 3264 664 3296 mox
707 3249 812 3313 caligine
835 3266 865 3296 ex
885 3249 1003 3298 nebula.»
1025 3248 1115 3296 Duker.
1135 3254 1211 3298 Vento

158 3339 246 3375 ventus
255 3326 319 3374 idem
328 3339 438 3384 coortus,
453 3327 663 3392 nebuladr'sjeeta;
707 3327 804 3390 quidem
817 3329 887 3376 MSS.
900 3328 990 3374 Verum
1004 3327 1092 3375 nebule
1107 3344 1158 3376 non
1169 3345 1212 3376 ca·

160 3406 237 3454 Gron.
255 3427 267 3446 «
276 3407 345 3454 Idem
362 3406 439 3455 tribus
455 3405 544 3452 accidit
559 3405 662 3452 diebus:
707 3407 756 3463 dit,
771 3406 815 3453 red
828 3405 957 3452 discutitur
968 3406 1027 3454 flatu
1037 3407 1112 3455 venti.

160 3483 239 3546 primo
251 3485 356 3546 profecti
368 3486 464 3543 fuerant
474 3495 548 3531 vento
560 3485 617 3531 eatis
626 3499 665 3530 ve·
743 3503 766 3546 7.
783 3484 887 3548 Aperuit
907 3485 989 3531 omm'a
1007 3485 1099 3550 Aftr‘eoe
1116 3486 1189 3533 litora
1201 3502 1210 3533 .·

159 3560 278 3619 1555555551,
300 3574 324 3611 55
343 3581 356 3611 5
382 3563 482 3611 meridie
505 3563 593 3610 nebula
611 3573 664 3610 orta
709 3563 820 3610 eumdem
834 3563 895 3610 adeo
907 3579 1003 3610 currum
1015 3579 1059 3628 per
1069 3576 1167 3613 noctem
1179 3575 1213 3612 te-

160 3651 247 3687 ventus
255 3641 335 3689 lenior
343 3643 421 3691 faetus
430 3644 492 3692 fuit:
507 3641 666 3689 5555551555-
708 3653 822 3702 55555555,
833 3658 915 3689 versus
929 3641 1069 3688 interiorem
1082 3644 1160 3689 riuum
1166 3676 1174 3702 ‚
1185 3644 1212 3690 in

162 3718 218 3766 bula
239 3719 290 3766 5515
308 3732 363 3768 5555
380 3722 488 3770 discussa
506 3733 531 3770 et
542 3733 617 3769 vento
630 3722 666 3768 vis
708 3721 777 3781 cujus
786 3736 880 3767 recessu
890 3719 1009 3782 Carthago
1018 3720 1209 3784 sita;}teyn.1.l.

161 3796 245 3843 addita
258 3809 306 3856 555,
320 3798 363 3846 sed
379 3816 392 3846 5
411 3801 513 3848 meridie
528 3815 665 3847 rursusne·
709 3825 744 3834 —
754 3797 853 3845 Pulchri
855 3814 938 3862 prem.
948 3798 1013 3845 conf.
1026 3810 1078 3846 not.
1093 3799 1117 3846 5.

160 3873 218 3921 bula
239 3886 321 3922 exorta
344 3889 430 3926 ventus
451 3879 557 3927 cecidit:
580 3877 666 3936 tertie,
745 3879 769 3926 8.
789 3877 831 3924 Ad
849 3877 953 3924 insulam
970 3876 1137 3940 AEgimmnm
1153 3877 1211 3925 vide

163 3952 248 4000 eodem
267 3953 342 4002 modo
361 3956 449 4004 nebula
464 3958 565 4018 disjecta
578 3967 665 4004 ventus
708 3967 789 4004 tamen
811 3956 843 4003 ed
866 3956 955 4003 Illarum
978 3957 1067 4015 XXX,
1090 3972 1143 4022 cap.
1164 3963 1212 4015 at,

162 4042 261 4081 coortus
271 4042 315 4080 est.
326 4033 422 4083 Nebula
425 4035 515 4098 premit
522 4047 621 4084 ventum
631 4035 666 4082 515
709 4045 761 4082 not.
775 4042 798 4088 [μ

977 4117 1038 4188 35.
