2768 4574
135 304 181 392 tu
557 312 595 376 r.
628 311 765 378 Livii
1043 289 1163 392 atu:

131 450 176 496 ex
193 440 292 496 tanta
312 426 544 498 multitudine
562 429 620 497 vix
643 429 739 498 mille
757 428 954 513 evaserint3
973 429 1088 496 caeteri
1108 452 1191 524 pas-

130 536 214 623 sim,
231 537 290 606 alii
305 537 372 606 alia
390 552 511 635 peste,
529 537 708 636 absumpti
725 549 756 581 ¹⁰
776 540 857 607 sint.

176 649 253 716 XX.
279 650 433 744 Capuaa
452 649 659 720 consulibus
680 653 811 720 iterum
829 672 968 719 summa
980 648 1016 716 vi
1034 645 1192 717 obsideri
1273 716 1278 724 ,

130 769 265 854 coepta¹
289 773 356 845 est,
373 783 526 856 quaeque
545 761 582 830 in
599 785 677 830 eam
692 785 767 830 rem
783 784 874 856 opus
888 772 1007 841 erant,
1023 781 1190 854 compor-

131 867 302 938 tabantur
321 870 624 967 parabanturque.
644 872 836 942 Casilinum
860 870 1083 940 frumentum
1102 893 1193 938 con-

130 993 274 1047 vectum
287 988 321 1048 ²:
340 979 382 1049 ad
397 981 567 1050 Vulturni
581 982 732 1064 ostium,
748 980 809 1048 ubi
826 1003 922 1048 nunc
942 976 1029 1047 urbs
1048 991 1119 1062 est,
1138 1001 1193 1046 ca·

130 1086 1192 1179 stellnmcommunitumlanteFabiusMaximusinirnierat):
1285 1161 1291 1167 ,

129 1199 334 1295 praesidium
354 1201 580 1297 impositum,
600 1216 640 1270 ut
658 1226 756 1270 mare
779 1200 984 1296 proximum
1004 1211 1039 1268 et
1056 1196 1194 1265 flumen

127 1308 167 1378 in
189 1325 364 1404 potestate
383 1326 513 1381 essent.
534 1316 575 1380 ln
597 1336 638 1382 ea
660 1310 733 1380 dno
755 1311 931 1380 maritima
955 1307 1096 1378 castella
1117 1304 1194 1375 lru-

128 1433 311 1503 mentum,
327 1421 426 1516 quod
445 1446 489 1491 ex
501 1420 660 1490 Sardinia
675 1445 791 1517 nuper
807 1421 954 1489 missum
967 1431 1063 1501 erat,
1078 1414 1193 1513 qnod·
1289 1505 1292 1509 .

129 1550 201 1624 que
216 1534 264 1599 Μ.
282 1532 410 1600 Junius
430 1526 583 1627 prator³
598 1555 640 1600 ex
660 1530 800 1600 Etruria
820 1540 1016 1614 coemerat,
1035 1525 1080 1594 ab
1095 1526 1195 1595 Ostia

129 1653 344 1710 convectum
367 1656 438 1728 est,
456 1656 498 1712 ut
517 1642 687 1712 exercitui
705 1664 770 1735 per
788 1639 944 1709 hiemem
964 1637 1066 1733 copia
1088 1649 1193 1705 esset.

130 1745 305 1816 Caeterum
326 1773 528 1844 supeream
550 1748 708 1832 cladem,
727 1775 806 1844 quae
823 1751 861 1818 in
881 1748 1034 1818 Lucanis
1050 1758 1197 1841 accepta

130 1870 222 1940 erat,
240 1856 415 1927 volonum
429 1883 576 1954 quoque
591 1859 768 1929 exercitus
779 1861 808 1945 l,
824 1860 902 1953 qui,
912 1860 993 1927 vivo
1009 1854 1194 1942 Graccho,

131 1989 268 2035 summa
281 1964 352 2037 tide
362 1968 538 2064 stipendia
549 1967 698 2055 fecerat,
710 1969 805 2039 velut
816 1982 1068 2039 exauctoratus
1078 1979 1195 2034 morte

131 2073 249 2163 ducis,
265 2076 311 2147 ab
324 2079 432 2173 signis
448 2078 618 2149 discessit.
630 2077 807 2150 Hannibal
822 2105 895 2148 non
909 2077 1068 2174 Capuam
1078 2074 1196 2170 negle-

131 2197 247 2274 ctam,
266 2212 408 2285 neque,
430 2202 472 2260 ut
497 2203 597 2258 tanto
621 2188 844 2277 discrimine,
868 2188 1029 2258 desertos
1049 2181 1196 2255 volebat
1283 2258 1285 2262 ,

168 2400 206 2448 ro.
227 2384 280 2431 Alii
292 2385 344 2447 alia
356 2396 424 2448 peste
439 2384 560 2448 absumpti
573 2385 636 2441 siut;
680 2375 794 2448 quodque
809 2384 913 2441 Fabius,
931 2396 977 2431 etc.
996 2385 1061 2443 conj.
1081 2383 1193 2429 Gronov.

130 2463 187 2511 vlde
196 2462 229 2509 ad
240 2465 276 2519 Π,
290 2470 334 2521 44,
349 2479 373 2509 n.
388 2463 411 2512 5.
680 2469 753 2511 Forte
761 2463 856 2526 legend.
869 2464 992 2510 castellum
1006 2460 1176 2509 communitum
1184 2493 1195 2515 ‚

165 2542 226 2590 Car.
242 2543 302 2590 XX.
319 2558 341 2589 1.
363 2542 449 2605 Capua
467 2559 483 2589 a
501 2542 637 2590 consulibus
686 2553 759 2604 utque
774 2541 879 2588 Puteolis
895 2540 1034 2602 (Maximus
1047 2530 1193 2597 marrierat),

132 2619 217 2667 iterum
223 2652 285 2668 .....
292 2620 396 2667 obsideri
408 2622 552 2684 coepta:de
564 2621 642 2685 prima
682 2619 825 2684 praesidium
836 2620 991 2682 impositum:
1006 2634 1062 2665 nam
1076 2616 1196 2674 Puteolis,

130 2699 261 2746 obsidione
274 2699 340 2746 conl.
355 2715 408 2764 cap.
424 2699 468 2758 15,
485 2702 528 2758 18,
542 2710 566 2746 et
579 2699 642 2745 intra
687 2713 700 2745 a
715 2698 790 2744 Fabio
804 2699 917 2753 munitis,
930 2697 1071 2760 praesidinm
1083 2696 1155 2742 slmul
1164 2695 1195 2742 ab

133 2795 186 2843 cap.
200 2793 233 2824 aa
248 2789 311 2826 extr.
685 2792 715 2824 eo
722 2778 770 2839 jam
780 2778 922 2840 impositum
933 2788 982 2823 erat
992 2775 1052 2841 (vid.
1062 2774 1093 2822 ad
1100 2777 1197 2832 XXIV,

166 2873 191 2904 a.
205 2856 336 2904 Casilinum
340 2853 493 2921 frumentum
505 2867 642 2903 convectum
688 2871 711 2914 7,
721 2872 746 2900 n.
756 2854 790 2917 7),
797 2867 821 2902 et
832 2855 919 2902 Fabius
927 2856 1018 2920 passim
1027 2853 1107 2917 simpl.
1120 2852 1198 2898 blaxi-

114 2921 202 3000 ι(νὶικε
220 2934 252 2982 ad
268 2937 358 2993 XXII,
372 2937 415 2993 13,
429 2952 454 2982 n.
469 2934 497 2997 6)
511 2949 518 2982 :
533 2933 569 2979 ad
584 2934 641 2980 Vul-
686 2949 738 2978 mus
758 2933 861 2991 dicitur,
880 2949 904 2982 v.
925 2950 946 2980 c.
967 2933 1063 2988 XXIV,
1083 2947 1111 2976 12
1133 2929 1196 2976 med,

131 3014 198 3060 turni
206 3013 305 3068 ostium,
321 3013 363 3058 ubi
378 3029 442 3057 urina
458 3013 513 3056 urbs
525 3009 641 3073 est(vide
685 3013 750 3069 Hinc
772 3012 842 3058 lacIle
864 3027 894 3057 ex
917 3010 1023 3057 Puteolis
1043 3008 1094 3056 lieri
1114 3009 1197 3074 potuit

131 3093 163 3140 ad
176 3094 266 3148 XXII,
287 3098 333 3148 rt,
346 3106 371 3135 n.
382 3089 419 3152 1),
437 3088 563 3134 castellum
577 3104 642 3134 com·
685 3090 789 3145 Fabius,
805 3090 843 3137 vel
861 3107 905 3153 per
927 3089 1064 3136 socordiam
1084 3087 1196 3134 librario-

131 3171 248 3234 munitum
263 3171 334 3229 (aute
347 3166 437 3213 Fabius
451 3165 575 3223 illeximus
591 3183 643 3212 mu·
687 3183 754 3226 rum,
772 3168 812 3215 vel
832 3185 862 3214 ex
884 3169 974 3231 glossa,
994 3183 1048 3229 quae
1066 3166 1154 3213 deiude
1169 3166 1197 3212 ln

128 3249 221 3308 nierat)
232 3245 390 3309 :praesidium
403 3243 557 3306 impositum
570 3244 642 3292 verba
687 3257 829 3302 contextum
841 3258 951 3309 recepta,
965 3256 1062 3292 extrusa
1075 3261 1136 3292 voce
1147 3247 1196 3290 Pu·

129 3327 229 3385 mutila,
238 3325 322 3372 saltem
330 3333 454 3385 corrupta.
462 3321 525 3368 Nam
535 3321 583 3368 duo
593 3339 644 3373 ma-
687 3325 763 3386 realis,

131 3406 214 3454 ritima
225 3402 339 3457 castella,
358 3401 384 3446 iu
398 3415 453 3462 quae
467 3399 642 3462 moufiumeu-
723 3404 746 3450 3.
764 3406 798 3450 Μ.
812 3401 898 3449 Junius
913 3401 1009 3457 Silanus
1020 3413 1122 3465 praetor.
1138 3417 1198 3464 pro-

132 3495 183 3533 tum
192 3481 276 3529 Livius
286 3489 424 3524 convectum
434 3477 494 3524 dicit
502 3511 510 3535 ‚
518 3490 574 3525 sunt
586 3480 643 3527 Vul-
686 3481 792 3531 vinciam
805 3481 908 3527 sortitus
921 3481 1046 3527 Etruriam
1052 3498 1062 3536 ;
1072 3479 1129 3526 vide
1142 3495 1196 3544 cup.

132 3576 229 3614 tumtum
241 3570 265 3606 et
280 3556 406 3615 Puteolos,
420 3573 483 3620 qnos
495 3557 642 3621 priusmu·
688 3576 717 3618 a,
731 3561 753 3606 3.
774 3585 809 3594 -
830 3559 870 3604 Ab
885 3558 954 3605 Ostia
967 3570 1119 3615 convectum,
1132 3559 1197 3605 forte

131 3643 212 3691 uierat
224 3638 234 3702 (
241 3636 354 3698 videatur
366 3635 397 3682 ad
410 3638 505 3693 XXIV,
520 3653 544 3696 7,
559 3653 584 3684 n.
596 3636 642 3701 7);
686 3648 836 3701 congestum,
849 3636 1195 3702 ueidemrepetaturverbnm.

131 3732 155 3772 et
174 3719 205 3766 de
218 3715 341 3771 Casilino,
358 3717 380 3759 V
380 3715 475 3762 ulturno
489 3732 517 3762 ac
536 3717 642 3764 Puteolis
685 3717 720 3764 At
731 3715 787 3762 vide
800 3714 831 3762 ad
844 3718 870 3773 I,
882 3716 910 3773 3,
923 3732 948 3762 ιι.
960 3718 983 3764 8.

130 3799 197 3846 idern
210 3795 316 3842 traditur
328 3809 380 3856 cap.
398 3810 438 3842 aa.
455 3795 519 3841 Hinc
534 3796 641 3842 Puteolis
722 3801 746 3848 4.
760 3795 879 3840 Volouum
892 3795 1024 3851 exercitus,
1040 3805 1099 3850 etc.;
1112 3796 1197 3841 confer

130 3888 189 3943 post
200 3873 371 3921 comittunitum
381 3874 465 3920 inserit
478 3874 574 3938 Cluver.
587 3873 640 3921 tul.
685 3873 784 3929 XXIV,
805 3880 836 3927 14
850 3889 914 3936 seq.,
932 3872 997 3919 etad
1008 3874 1098 3931 XXII,
1115 3873 1156 3931 57,
1170 3889 1195 3928 n,

131 3958 192 4006 Ant.
207 3957 234 4013 l,
247 3970 278 4012 2,
296 3963 320 3999 et
335 3952 407 3999 alteri
423 3952 516 4000 Stroth.
538 3952 642 4000 alterum
689 3965 778 3997 12.-
799 3950 870 3996 Velut
887 3961 1077 4008 exaitctoratus;
1092 3949 1196 3997 vidend

130 4033 232 4090 Fabius,
247 4044 294 4082 etc.
307 4031 348 4080 vel
363 4031 463 4095 castello
476 4029 623 4079 communita
630 4064 638 4096 ,
684 4030 763 4089 VIII,
779 4031 824 4092 34,
839 4045 864 4076 n.
878 4030 902 4076 8.
915 4030 978 4092 Mox¹
989 4030 1015 4077 iu
1028 4042 1097 4079 tauto
1111 4028 1195 4086 disariu.
