2768 4574
191 302 315 412 2:333:
369 327 519 394 nrnnn
547 325 682 392 xxrx.
711 326 814 392 cnr.
841 325 1039 393 xxxvii.
1154 321 1222 418 519

164 446 297 516 vincias
312 445 524 516 dimiserunt
537 470 720 532 censores,
736 459 776 514 ut
793 446 923 515 civium
937 468 1169 515 romanorum
1183 446 1221 514 in

164 554 398 643 exercitibus,
417 568 574 650 quantus
593 544 729 653 ubique
749 568 860 642 esset,
881 553 1076 625 referretur
1094 579 1222 627 nnme-

163 691 236 737 rus.
256 670 371 737 Censa
388 690 471 736 curn
490 667 532 737 iis
551 665 707 736 ducenta
727 665 850 736 decem
869 679 1026 762 quatuor
1038 667 1148 737 millia
1162 666 1223 737 ho·

163 776 322 844 minum:
338 773 500 845 condidit
514 775 668 846 lustrum
680 778 718 847 C.
728 775 896 847 Claudius
905 779 1011 846 Nero.
1021 775 1222 847 Duodecim

163 885 294 956 deinde
320 881 570 957 coloniarum5
583 886 710 983 (quod
737 910 924 982 nunqnam
955 900 1059 956 antea
1088 885 1222 958 sactum

164 998 282 1094 erat),
301 996 547 1069 deferentibus
569 999 729 1096 ipsarum
752 999 974 1069 coloniarum
993 997 1222 1083 censoribuS,

163 1130 311 1177 censum
332 1124 568 1206 acceperuut;
588 1123 650 1198 ut,
673 1123 850 1205 quantum
870 1131 1023 1178 numero
1046 1107 1222 1195 militum,

163 1233 340 1313 quantum
359 1220 512 1316 pecunia
528 1217 707 1306 valerent,
725 1219 762 1288 in
782 1217 936 1316 publicis
954 1215 1087 1288 tabulis
1105 1218 1221 1287 moni-

162 1343 282 1398 menta
301 1344 491 1401 exstarent.
509 1330 683 1426 Equitum
702 1327 832 1399 deinde
854 1352 983 1399 census
1003 1327 1058 1423 agi
1080 1342 1222 1424 coeptus

162 1451 235 1524 est;
257 1453 293 1508 et
310 1438 417 1509 ambo
441 1437 534 1510 forte
556 1462 721 1510 censores
743 1462 877 1536 equum
898 1436 1086 1535 publicum
1110 1437 1221 1509 babe-

162 1544 287 1616 bant⁶.
305 1552 428 1639 Quum
448 1549 493 1620 ad
512 1547 647 1618 tribum
662 1549 809 1619 Polliam
832 1563 981 1620 ventum
1000 1561 1068 1634 est,
1088 1549 1125 1618 in
1149 1572 1221 1644 qua

160 1774 245 1823 nescit.
254 1777 367 1822 Lustrum
376 1774 519 1822 condituma
530 1774 670 1822 censoribus
713 1789 765 1821 uon
781 1773 840 1821 dIcit
854 1773 949 1831 Livius,
962 1784 987 1821 et
1001 1788 1052 1820 non
1064 1775 1115 1821 sine
1128 1776 1223 1821 ratione

160 1852 237 1900 altero
251 1869 331 1913 anno,
346 1870 418 1917 quarn
432 1865 499 1901 erant
513 1853 601 1913 creati,
613 1869 669 1917 per·
714 1851 821 1901 dubitari
835 1863 930 1917 potest,
946 1869 977 1900 an
992 1869 1018 1901 eu
1032 1864 1140 1917 potestus
1155 1868 1223 1900 sena-

160 1932 220 1980 nctis
233 1933 358 1991 omnibus,
368 1949 423 1995 quae
429 1932 669 1980 muneriscensorum
713 1942 752 1979 tus
765 1932 846 1980 fuerit.
863 1933 1001 1982 Potuerunt
1009 1945 1090 1982 tumen
1101 1934 1149 1980 hoc
1160 1949 1174 1980 a
1186 1948 1223 1979 se-

160 2022 244 2070 ctant,
257 2011 342 2060 itidem
355 2023 452 2060 constat
461 2030 492 2059 ex
503 2014 616 2070 XXVII,
629 2027 669 2068 11,

161 2090 330 2150 auxum,
338 2099 381 2149 44,
388 2092 497 2150 XXXV,
505 2092 668 2153 9;XXXVII,

161 2168 372 2229 583xxxv111,
387 2170 433 2230 36,
443 2172 514 2228 XLI,
528 2171 668 2231 27;xL11‚

163 2263 202 2295 10.
216 2249 283 2310 Quid
296 2265 353 2313 ergo
367 2262 418 2310 est,
429 2249 496 2313 quod
508 2249 546 2296 his
561 2250 668 2296 censori·

159 2327 205 2374 bus
228 2329 328 2375 ducrum
346 2329 421 2376 scrius
441 2328 565 2376 conditum
583 2327 668 2376 scribit

158 2407 258 2454 Livius?
272 2410 312 2456 An
327 2408 375 2455 hoc
391 2405 526 2471 significat,
543 2423 585 2456 eos
604 2409 667 2470 ultra

159 2495 255 2549 tempus
275 2486 328 2550 lege
349 2484 446 2535 finitum
471 2502 594 2534 censuram
615 2503 667 2551 ges-

159 2565 239 2612 sisse?
259 2566 295 2612 Ita
314 2581 371 2612 saue
388 2565 484 2613 videtur
501 2566 535 2612 ob
556 2581 665 2625 caumm,

159 2657 232 2704 quam
245 2643 319 2691 dicit:
331 2660 387 2691 nam
400 2646 488 2690 XVIII
500 2646 617 2691 mensium
627 2645 667 2691 vel

158 2722 314 2785 pauciorum,
330 2724 350 2768 si
362 2738 414 2769 non
427 2722 508 2770 statim
520 2722 582 2770 inito
592 2724 668 2786 mugi·

159 2810 236 2848 stratu
242 2816 289 2862 per
296 2799 436 2862 provincias
448 2799 600 2856 dimiserunt,
615 2816 668 2862 spa·

159 2878 221 2927 tium
236 2881 361 2942 angustius
377 2880 451 2926 fuisse
468 2878 578 2935 videtur,
595 2894 667 2941 quam

158 2968 231 3006 uteo
246 2974 358 3005 nrcmerus
374 2958 473 3013 civium,
488 2956 565 3020 quiin
579 2958 669 3004 exerci-

158 3038 221 3087 tibus
240 3048 307 3093 erat‚
323 3037 381 3084 iniri
400 3053 428 3084 ac
448 3036 533 3102 referri
550 3037 666 3101 potuerit.

158 3119 221 3166 Nam
233 3128 257 3165 et
264 3116 313 3164 hoc
323 3116 540 3165 extraordinarium
550 3116 623 3164 fuisse
632 3133 668 3164 ur·

158 3208 274 3261 gumento
285 3206 333 3255 est,
344 3195 413 3259 quod
423 3212 547 3259 nunquam
555 3206 611 3243 ante
620 3196 667 3246 hoc

158 3288 254 3340 tempus
261 3275 289 3322 id
294 3275 386 3323 fuctum
392 3274 475 3339 prodit
482 3276 578 3332 Livius,
589 3276 667 3337 quod-

712 2022 772 2059 nutu
782 2023 879 2076 petere,
893 2012 937 2060 scd
947 2014 997 2073 ita,
1014 2024 1042 2060 ut
1057 2024 1154 2060 senatus
1167 2028 1223 2059 cum

712 2088 817 2139 tribunis
830 2103 924 2156 ageret,
936 2102 964 2140 ut
980 2091 1010 2140 dc
1024 2108 1052 2140 ea
1064 2108 1090 2138 rc
1103 2091 1134 2138 ud
1146 2106 1223 2156 popu·

712 2169 763 2216 lum
782 2171 899 2218 seirent.»
917 2173 1004 2228 Forte,
1021 2181 1050 2219 ut
1066 2170 1093 2217 in
1108 2186 1222 2234 proroga-

712 2250 780 2298 tione
791 2249 887 2314 imperii
901 2249 1008 2307 solebat,
1026 2264 1053 2297 ca
1066 2248 1132 2297 dere
1144 2266 1175 2296 ex
1185 2266 1223 2298 se··
1272 2290 1278 2307 ,

711 2328 897 2377 natusconsulto
907 2328 938 2376 ud
948 2327 1068 2392 populum
1080 2327 1106 2374 in
1116 2328 1222 2377 comitiis

711 2408 831 2473 agendum
848 2407 909 2466 suit,
925 2417 950 2454 et
965 2408 1043 2464 XLV,
1059 2406 1099 2464 15,
1118 2408 1222 2455 Pteme!-

711 2488 757 2537 lius
775 2490 829 2538 trib.
845 2489 882 2552 pt.
901 2485 1047 2542 intercessit,
1065 2501 1096 2533 nc
1113 2496 1221 2534 sensims-

710 2569 850 2615 consultum
858 2566 941 2626 ficret3
951 2564 1026 2612 Drsk.
1038 2590 1073 2600 —
1083 2564 1160 2611 Cema
1168 2581 1222 2612 cum
1254 2592 1259 2611 ι

711 2645 740 2692 iis
760 2644 863 2691 CCXIV
876 2642 954 2689 millia
968 2641 1010 2699 1ι.,·
1027 2642 1093 2689 cons.
1108 2643 1171 2690 infra
1189 2644 1221 2692 ad

710 2724 821 2779 XXXV,
836 2736 865 2782 9,
877 2736 902 2766 n.
915 2734 937 2766 1.

748 2801 771 2848 5.
792 2799 925 2847 Duodecim
945 2796 1032 2844 deinde
1049 2799 1218 2859 coloniarum,

711 2895 766 2943 quae
776 2877 864 2926 auxllia
873 2886 1034 2941 negaverant3
1047 2876 1098 2924 vid.
1106 2879 1220 2941 XXVII,

713 2974 740 3020 9,
755 2969 779 3005 et
787 2959 887 3015 XXIX,
898 2954 1147 3021 15.—-Defercntibur
1157 2958 1219 3023 ipsu

712 3052 765 3084 rum
777 3036 931 3085 coloniarum
944 3035 1097 3094 censoribus,·
1117 3038 1175 3086 vide
1188 3041 1219 3088 ad

712 3132 765 3180 cop.
782 3116 823 3176 15,
835 3133 860 3164 n.
871 3116 894 3164 5.
916 3139 929 3158 «
941 3117 978 3163 De
993 3116 1135 3165 censoribus
1149 3120 1217 3169 colo·
1269 3148 1273 3157 ·

711 3195 805 3243 nicrum
817 3207 841 3243 et
853 3195 1043 3260 municipiorum
1052 3209 1127 3260 agunt
1135 3199 1218 3264 Sigon.

712 3275 742 3322 dc
761 3275 822 3323 Ant.
839 3277 888 3336 jur.
908 3275 961 3322 Ital.
985 3277 1028 3334 II,
1055 3283 1069 3330 t
1093 3287 1118 3324 et
1138 3279 1171 3337 8,
1193 3291 1218 3328 et

159 3372 206 3419 que
218 3354 384 3420 superioribus
393 3354 475 3401 lustris
485 3354 558 3416 longe
566 3354 613 3404 suit
624 3356 668 3402 mi·
711 3356 840 3420 Spanbem.
860 3356 889 3402 de
906 3372 944 3419 pr.
962 3366 987 3403 et
1002 3371 1047 3401 usu
1068 3371 1135 3404 num.
1153 3358 1217 3406 Diss.

159 3451 205 3481 nor
219 3437 308 3482 clvium
325 3449 452 3482 censorum
468 3450 593 3494 numerus3
611 3435 667 3484 vide
711 3439 749 3495 X,
764 3453 818 3500 cap.
834 3452 865 3492 2,
878 3434 935 3498 Su,
952 3436 980 3494 3,
995 3445 1020 3482 et
1029 3435 1055 3481 in
1069 3436 1135 3483 Orbe
1144 3439 1216 3486 Rom.

155 3512 314 3572 udXXVII,
336 3515 385 3572 36,
408 3524 432 3561 et
448 3514 558 3573 XXXV,
571 3530 596 3575 9.
613 3514 666 3563 Nec
710 3517 735 3572 1,
751 3531 779 3576 93
793 3517 858 3579 Lips.
872 3513 901 3561 dc
915 3513 970 3561 Mil.
986 3515 1060 3562 Rom.
1075 3529 1102 3573 1,
1119 3532 1150 3563 ex
1163 3516 1218 3565 h.l.

155 3603 235 3639 tumen
246 3592 279 3638 ita
292 3608 405 3641 censores
418 3592 444 3639 bi
456 3591 534 3651 aliter,
548 3609 620 3656 quum
635 3611 666 3641 ex
709 3594 792 3641 scribit
804 3595 867 3657 ipsos
878 3608 991 3640 romanos
1000 3608 1108 3640 censores
1118 3596 1216 3643 taudem

155 3672 299 3718 auctoritate
317 3671 427 3735 publica,
446 3671 509 3719 ultra
530 3671 665 3735 legitimum
709 3690 805 3721 censum
824 3674 848 3720 in
869 3671 970 3720 coloniis
989 3671 1071 3736 egisse.
1089 3673 1119 3720 Id
1136 3690 1216 3739 neque

156 3761 250 3817 tempus
264 3752 289 3797 in
303 3752 444 3813 magistratu
457 3767 507 3798 esse
521 3763 663 3815 potuerunt.
709 3753 762 3811 bic,
781 3769 861 3816 neque
878 3768 932 3815 cap.
953 3751 997 3807 15,
1019 3751 1079 3799 dicit
1098 3754 1187 3803 LIvius.
1203 3778 1216 3797 ι»

155 3829 230 3891 Quod
241 3829 285 3876 etsi
299 3846 350 3875 non
359 3830 433 3877 tradit
441 3828 535 3887 Livius,
546 3841 627 3878 tumen
640 3842 664 3878 et
708 3832 799 3880 Duker,

156 3925 194 3955 res
210 3910 261 3972 ipsu
281 3907 367 3967 docet,
383 3919 408 3955 et
426 3926 456 3956 ex
468 3910 546 3967 XLV,
565 3911 596 3956 15
610 3910 662 3956 col·
743 3913 767 3958 6.
785 3912 818 3958 Ec
833 3910 905 3958 ambo
914 3909 984 3975 forte
1003 3925 1111 3958 ceruores
1128 3926 1216 3975 equum

155 3987 196 4049 ligi
209 3998 298 4050 potest.
312 3987 412 4051 Pighius
423 3989 454 4035 ud
462 4007 501 4037 an.
512 3990 562 4037 635
573 4001 598 4037 et
611 3991 662 4045 684
705 3991 827 4053 publicum
839 3990 968 4038 habebant.
978 3989 1043 4037 Noto
1057 3990 1149 4037 Dukeri
1163 3982 1215 4038 est:

155 4082 197 4114 eos
207 4066 254 4113 boc
267 4084 280 4113 a
294 4078 379 4114 senatu
393 4068 490 4133 petiisse
506 4069 597 4117 scribit.
607 4071 662 4117 Hoc
708 4070 827 4133 «Equites
845 4084 958 4118 romanos
980 4070 1120 4132 magistratu
1143 4080 1216 4133 capto
