2768 4574
197 328 262 398 182
617 328 655 393 r.
686 326 827 394 nrvu
1105 301 1232 411 stt:

190 477 208 512 «
223 449 434 542 tionemque
444 444 571 543 populi
582 447 721 514 romani
732 445 857 514 Fulvio
869 443 1089 541 proconsuli,
1100 469 1261 540 quaeque

191 581 294 626 «una
316 580 437 631 secum
462 553 703 641 dediderunt,
729 580 854 651 agrum
880 553 1108 652 urbemque,
1134 553 1263 624 divina

188 696 205 732 a
219 666 449 763 humanaque
460 665 715 762 utensiliaque,
727 667 798 736 sive
810 665 897 762 quid
910 665 1005 735 aliud
1018 664 1241 735 dediderunt
1249 692 1260 756 ;

188 808 206 844 a
221 777 266 848 de
291 778 333 847 iis
351 776 461 847 rebus
480 775 567 872 quid
590 774 670 846 fieri
692 776 826 861 velitis,
846 801 909 845 vos
928 800 1036 873 rog0,
1057 762 1263 864 Quirites.'»

188 888 315 962 Plehes
337 888 386 956 sic
402 887 507 981 jussit
531 913 538 955 :
560 916 576 951 ιι
594 884 704 977 Quod
725 899 869 956 senatus
885 886 1025 981 juratus
1038 898 1074 972 ¹⁰,
1103 886 1263 957 maxima

187 1023 307 1095 «pars,
318 1014 477 1083 censeat,
489 999 552 1095 qui
562 997 739 1082 assident,
752 997 787 1066 id
799 996 966 1071 volumus
974 990 1263 1095 jubemusquem

237 1115 396 1180 XXXIV.
414 1115 464 1180 Ex
483 1109 552 1179 hoc
569 1107 757 1206 plebiscito
771 1105 1106 1178 senatusconsultus
1126 1108 1264 1202 Oppiae

193 1218 397 1316 Cluviaeque
401 1225 566 1317 primum
577 1220 675 1290 bonu
686 1244 730 1287 ae
744 1217 943 1287 libertatem
954 1222 1125 1287 restituit:
1136 1221 1171 1285 si
1181 1242 1264 1315 qua

187 1329 263 1400 alm
273 1335 434 1427 praemio
442 1347 569 1428 petere
586 1330 635 1400 ab
652 1345 781 1400 senatu
799 1328 951 1415 vellent,
966 1333 1090 1398 venire
1106 1351 1168 1396 eus
1182 1333 1264 1398 Ro·

187 1452 324 1511 mam¹.
347 1443 540 1538 Campanis
561 1443 598 1511 in
624 1440 774 1511 familias
800 1439 957 1544 singulas
980 1438 1124 1509 decreta
1143 1435 1264 1545 facta,

189 1577 268 1649 quae
288 1576 364 1621 non
381 1576 501 1649 operae
520 1553 677 1649 pretium
697 1566 750 1622 est
770 1551 891 1620 omnia
911 1548 1265 1637 enumerareAlr'o-

189 1688 271 1733 rum
287 1663 383 1733 bona
393 1663 645 1760 publicandas
663 1668 757 1760 ipsos
774 1661 975 1757 liberosque
992 1683 1116 1728 eorum
1130 1673 1167 1727 et
1178 1682 1266 1728 con·

179 1775 289 1867 juges
308 1773 534 1860 vendendus,
555 1789 659 1843 extra
666 1772 790 1868 filius,
814 1796 899 1869 quae
917 1775 1140 1867 enupsissent
1150 1775 1278 1873 prius„

190 1907 303 1980 quam
322 1889 359 1951 in
369 1882 505 1980 populi
520 1889 666 1953 romoni
670 1898 889 1979 potestatem
908 1886 1083 1951 venirent.
1097 1877 1204 1949 Alios
1224 1871 1265 1949 in

189 1992 338 2062 uincula
358 1992 582 2079 condendos,
601 2019 645 2062 ae
662 1993 708 2062 de
726 1993 783 2064 tts
789 1999 971 2090 posterius
989 1990 1263 2063 consulendum.

187 2102 352 2177 Aliorum
372 2105 641 2197 Campanorum
661 2126 836 2172 summam
856 2104 964 2172 etiam
983 2124 1112 2173 census
1128 2090 1264 2171 distin-

191 2219 358 2296 xerunt²,
370 2209 587 2307 publicanda
603 2236 718 2282 necne
731 2211 827 2282 bona
842 2228 960 2283 essent
971 2236 1108 2310 :pecua
1118 2202 1265 2308 captiuo

184 2337 323 2417 praeter
330 2346 452 2421 equos,
463 2337 499 2391 et
509 2327 707 2418 mancipia,
711 2323 1005 2422 proeterpuberes
1014 2322 1129 2394 virilis
1137 2347 1262 2411 seoeus,

229 2514 268 2546 10.
284 2497 358 2559 Quod
369 2509 467 2544 senatus
474 2497 575 2562 sumtus
593 2498 663 2563 (nem
677 2499 704 2545 in
747 2510 802 2559 net,
815 2500 890 2547 verba
908 2499 1020 2550 maxima
1029 2515 1092 2563 pars
1109 2497 1155 2562 qui
1170 2514 1197 2545 a.
1217 2515 1265 2563 per

190 2577 342 2642 gravioribus
348 2577 420 2624 rebus
427 2588 704 2641 senatusnonnunquam
748 2580 893 2643 epexegesin
910 2580 1004 2641 adjecta
1022 2595 1076 2646 esse
1091 2583 1127 2647 τῷ
1144 2589 1262 2636 senatus,

188 2657 299 2720 jurabat,
312 2673 338 2703 se
353 2656 516 2714 censiturum,
536 2657 603 2720 quod
623 2676 636 2705 e
654 2657 704 2706 lide
748 2670 776 2707 ut
793 2659 975 2717 ostenderetur,
991 2673 1043 2706 non
1056 2656 1160 2719 intelligi
1175 2671 1265 2704 omnes

192 2753 235 2784 sua
253 2748 277 2784 et
294 2753 345 2799 rep.
364 2751 415 2783 esse
432 2736 573 2795 videretur;
591 2738 657 2785 conf.
673 2737 704 2785 ad
749 2749 773 2786 et
784 2739 905 2801 singulos,
916 2755 996 2802 neque
1009 2748 1103 2785 eertum
1114 2734 1209 2798 requiri
1221 2751 1266 2783 nn-

192 2800 285 2874 XXX,
298 2825 330 2872 to
339 2817 441 2874 ;·XLII‚
456 2818 603 2883 21,etTae.
614 2818 704 2865 Annul.
748 2833 856 2876 merum3
870 2818 921 2864 vid.
936 2818 967 2865 ed
981 2818 1020 2874 ΙΙ,
1040 2817 1088 2874 23,
1099 2831 1124 2863 n.
1135 2829 1160 2876 9.

192 2899 238 2955 IV,
248 2911 291 2955 21,
301 2912 325 2942 n.
336 2911 363 2955 73
377 2896 479 2944 Casauh.
488 2896 520 2943 ad
530 2897 631 2945 Sueton.
640 2901 703 2960 Aug.
784 2897 845 2945 Car.
864 2898 986 2944 XXXIV.
1007 2911 1029 2941 1.
1048 2894 1135 2941 Venire
1155 2907 1198 2940 eas
1215 2895 1265 2941 Ilo·

197 2975 239 3040 35)
254 2988 278 3023 et
292 2975 392 3039 quidem
408 2976 520 3022 maxima
528 2993 591 3040 pars
609 2988 706 3023 censeat
749 2992 827 3031 mam,
840 2991 874 3024 se.
884 2987 982 3022 senatus
990 2974 1063 3036 jussit
1073 2989 1115 3020 seu
1123 2972 1265 3032 jusseram

193 3055 348 3118 eorum,qui
358 3055 465 3102 assident
474 3056 506 3102 ad
516 3056 580 3103 hauc
589 3072 640 3102 rem
649 3072 705 3103 con·
748 3065 776 3103 ut
785 3071 843 3102 mox
852 3050 957 3102 aliorum
967 3055 1032 3100 bona
1037 3049 1204 3116 publicando,
1214 3061 1265 3100 eto.
1350 3104 1354 3110 ,

194 3135 338 3184 sultandam.
347 3136 448 3182 Iuratus
458 3135 538 3181 active
549 3134 651 3183 dictum.
666 3135 704 3184 ct.
749 3134 801 3182 seil.
814 3144 962 3181 censuerunt
972 3147 978 3181 :
990 3149 1044 3195 quse
1060 3129 1133 3179 verba
1145 3127 1185 3176 bis
1198 3128 1266 3177 iufra

196 3216 262 3273 adl,
276 3215 320 3270 32,
335 3229 360 3259 n.
376 3213 420 3270 13,
433 3224 457 3260 et
471 3214 589 3270 XXXII,
602 3214 631 3273 6,
643 3230 669 3263 n.
682 3228 704 3262 1.
749 3212 906 3274 adjiciuntur.
920 3240 956 3249 -
969 3211 1144 3268 Publicanda;
1158 3207 1218 3255 vide
1231 3209 1268 3259 ed

198 3293 312 3341 Assidetis
324 3291 422 3339 edidere
436 3293 519 3356 Sigon.
536 3293 614 3340 Grons
629 3294 704 3341 Drak.
748 3294 801 3351 111,
816 3294 862 3351 31,
876 3308 901 3340 n.
919 3308 943 3341 α,
965 3318 998 3327 -
1022 3292 1104 3337 Extra
1131 3286 1267 3355 (prestet)

196 3373 238 3420 sed
253 3387 339 3435 pamm
358 3383 414 3435 apte
428 3385 434 3418 :
448 3372 512 3419 etin
525 3372 640 3420 omnibus
656 3362 705 3419 lere
741 3369 826 3437 filias,
848 3387 904 3434 quoe
924 3370 1088 3434 erepsissent,
1110 3384 1141 3415 ex
1160 3378 1268 3432 paterna

195 3454 257 3499 MSS
269 3450 404 3515 primisque
417 3450 474 3498 edd.
488 3463 566 3498 exstat
579 3452 705 3499 assidens:
750 3448 824 3497 domo
842 3450 869 3495 in
885 3448 966 3495 mariti
987 3447 1139 3514 (peregrini,
1157 3446 1267 3510 opinor,

193 3532 258 3580 unde
268 3528 376 3576 assident
386 3530 493 3592 reposui,
504 3532 589 3593 Ipsum
598 3530 706 3577 assidens
749 3544 800 3575 non
819 3526 955 3591 Campani)
973 3527 1132 3583 transissent,
1149 3524 1269 3589 adeoque

193 3623 259 3659 reete
275 3620 298 3656 et
311 3608 410 3670 antique
423 3608 516 3656 dietum
527 3627 578 3657 esse
595 3626 641 3674 pro
656 3626 706 3656 ma·
750 3623 797 3670 pro
818 3608 898 3670 sirnpl.
922 3606 1070 3670 nupsissent,
1094 3603 1162 3668 quod
1189 3604 1268 3652 etium

195 3692 264 3738 xima
284 3704 339 3752 pars
360 3703 393 3732 ex
410 3703 456 3743 eo,
472 3689 516 3751 qui
533 3688 641 3735 assidens
656 3698 705 3746 est,
751 3698 806 3734 ante
820 3687 904 3750 Sigon.
916 3686 991 3749 vulgo
1004 3683 1137 3748 legebatur.
1147 3682 1224 3732 Cont.
1232 3682 1269 3731 ad

194 3771 219 3817 h.
234 3786 255 3816 e.
269 3765 373 3824 assidet,
387 3767 463 3814 Doer.
479 3767 521 3830 qui
539 3767 604 3814 conf.
617 3767 704 3816 catull.
750 3765 795 3823 IV,
806 3774 835 3823 4,
848 3782 873 3811 n.
882 3773 906 3820 4.

197 3850 292 3902 LXIII,
309 3846 353 3905 573
368 3847 459 3902 LXIV,
475 3847 533 3893 308.
554 3845 602 3892 Sed
615 3845 648 3891 ita
659 3861 705 3908 po·
785 3860 810 3891 α,
822 3844 935 3892 Aliorum
951 3843 1129 3904 Campanorum
1141 3854 1270 3895 summam

195 3929 244 3975 tius
256 3927 302 3988 leg.
312 3924 424 3970 maxima
430 3933 493 3987 pars
507 3941 602 3980 eorum,
613 3923 657 3987 qui
665 3941 705 3970 as-
750 3923 823 3970 etiam
844 3938 927 3968 census
947 3920 1110 3969 distinxerunt
1126 3933 1180 3965 non
1200 3917 1271 3969 bene

193 4007 312 4061 sidentes,
333 4002 408 4049 scilic.
425 4013 489 4050 sunt.
509 4003 652 4050 Assederine
665 4004 705 4050 vel
750 4002 840 4064 capior
856 4001 877 4046 si
891 3997 1027 4063 significare
1040 3998 1134 4055 voluit,
1149 4009 1271 4048 senatum

194 4085 333 4136 assidebunt
348 4083 414 4142 conj.
429 4083 507 4131 Gron.
520 4082 563 4144 qui
576 4082 639 4131 bene
652 4097 705 4130 mo·
749 4081 855 4129 voluisse
860 4078 986 4143 publicari
993 4078 1059 4126 bons
1069 4091 1162 4138 eorum,
1172 4077 1278 4143 quibem,
