2768 4574
1097 275 1123 313 Λ.
1135 276 1156 313 C.
1171 273 1214 312 ³05.

1098 332 1125 371 tt.
1135 337 1157 373 c.
1170 336 1215 385 ⁵-t7-

186 300 257 381 440
591 298 629 363 Τ.
666 292 801 364 LIVII

186 418 335 502 ilatum,
357 429 398 484 ut
424 415 588 509 campani
606 415 717 502 cives,
741 414 806 484 ubi
835 410 990 509 cuique³
1010 439 1052 484 ex
1080 426 1244 482 senatus-

185 524 352 596 consulto
371 523 493 594 liceret
514 523 694 611 habitare,
713 522 764 592 ibi
782 522 1001 607 habitarent,
1019 520 1241 591 animadver-

187 649 352 729 teretque
376 634 413 702 in
433 657 513 717 eos,
533 635 596 729 qui
622 632 706 704 alibi
727 632 941 704 habitarent.
968 631 1099 701 Eadem
1122 645 1242 701 aestate

186 749 311 840 Mago,
327 742 533 812 Hamilcaris
551 741 663 828 filius,
685 768 728 813 ex
748 745 888 812 minore
906 742 1093 813 Baliarium
1108 742 1243 824 insula,

188 853 251 924 ubi
272 852 498 935 hibernarat,
515 852 703 946 juventute
722 853 813 924 lecta
835 854 871 921 in
895 851 1039 922 classem
1059 852 1244 947 imposita,

187 968 227 1035 in
246 963 382 1034 Italiam
401 963 545 1058 triginta
570 961 681 1033 ferme
701 964 861 1033 rostratis
888 960 1039 1032 navibus
1063 975 1098 1030 ct
1124 961 1246 1030 multis

189 1072 378 1160 onerariis,
393 1071 584 1142 duodecim
599 1072 708 1142 millia
720 1072 903 1169 peditum,
920 1070 995 1140 duo
1013 1068 1124 1140 ferme
1142 1069 1245 1164 equi-

189 1198 266 1253 tum
281 1181 440 1276 trajecit3
455 1185 713 1277 Genuamque,
726 1181 833 1251 nullis
848 1180 1019 1276 praesidiis
1033 1179 1244 1249 maritimam

190 1316 289 1361 oram
319 1288 537 1373 tutantibus,
556 1291 747 1386 repentino
770 1290 926 1360 adventu
951 1290 1055 1385 cepit.
1085 1288 1174 1358 Inde
1201 1287 1247 1356 arl

191 1424 292 1470 oram
309 1399 480 1495 Ligurum
499 1399 729 1495 Alpinorum,
756 1403 895 1495 siquos
922 1398 972 1468 ibi
992 1413 1112 1468 motus
1133 1397 1249 1467 facere

192 1522 330 1608 posset,
355 1508 503 1580 classem
526 1509 675 1606 appulit.
706 1510 858 1605 Ingauni
883 1509 1078 1604 (Ligurum
1104 1531 1145 1577 ea
1161 1531 1250 1601 gens

193 1623 285 1716 estl)
310 1618 447 1690 bellum
466 1642 507 1689 ea
526 1633 739 1716 tempestate
757 1617 929 1716 gerebant
946 1643 1029 1687 cum
1049 1616 1250 1713 Epanteriis

194 1730 375 1800 montanis
403 1756 409 1797 :
446 1730 554 1825 igitur
582 1734 735 1814 Poenus,
767 1732 904 1798 Savoue
945 1726 1083 1823 oppido
1118 1725 1250 1820 Alpino

193 1839 313 1938 praeda
332 1838 512 1936 deposita,
533 1853 569 1910 et
587 1839 712 1909 decem
730 1839 845 1934 longis
862 1836 1014 1907 navibus
1037 1837 1074 1905 in
1098 1835 1252 1904 statione

194 1951 236 2020 atl
257 1949 459 2047 praesidium
482 1949 632 2037 relictis,
649 1949 783 2018 caeteris
802 1946 1051 2041 Carthaginem
1071 1945 1184 2012 missis
1205 1942 1249 2011 ad

194 2057 366 2128 tuendam
385 2057 730 2140 maritimam'oram,
745 2059 830 2152 quia
848 2054 940 2126 fama
954 2067 1028 2124 erat
1047 2053 1251 2149 Scipionem

195 2168 429 2259 trajecturum
448 2191 540 2252 csse,
559 2169 650 2263 ipse,
667 2170 836 2237 societate
858 2189 940 2236 cum
958 2162 1148 2259 ingaunis,
1166 2187 1254 2256 quo·

196 2299 278 2344 rum
299 2276 445 2368 gratiam
466 2275 634 2361 malebat,
654 2277 866 2370 composita,
888 2286 1080 2342 montanos
1098 2270 1252 2340 instituit

197 2536 315 2583 campano
329 2518 432 2566 traditus
444 2529 506 2565 essct
518 2519 703 2582 populorum,
747 2520 780 2565 ra'i
797 2537 846 2585 pra·
865 2521 979 2582 Ingaunis
999 2519 1109 2566 naontaui
1127 2530 1255 2576 vocentur,

197 2599 360 2656 indicaretur,
374 2598 417 2645 sed
433 2597 511 2645 indici
528 2613 625 2663 quoque
643 2615 704 2662 prac-

197 2679 271 2724 mium
284 2678 443 2725 constitutum
456 2675 517 2734 tutu
537 2678 610 2723 Doer.

747 2616 790 2646 eos
801 2615 873 2663 supra
885 2599 1065 2662 Albingaunum
1080 2598 1197 2662 oppidum
1213 2600 1255 2647 At·

748 2680 806 2742 pina
817 2679 873 2741 iuga
884 2679 1011 2726 incoluisse.
1025 2679 1145 2726 existimat
1157 2679 1254 2724 Cluver.

234 2758 256 2804 3.
266 2759 298 2802 Ut
304 2756 419 2820 campani
425 2755 494 2812 cives,
504 2756 545 2803 utu·
553 2757 646 2819 cuique,
656 2767 702 2802 etc.

198 2835 263 2883 conf.
275 2836 376 2890 XXVI,
388 2837 427 2890 34.
435 2829 517 2882 verba
531 2833 656 2891 habitare,
671 2834 705 2882 ibt

198 2915 261 2960 forte
279 2915 374 2977 spuria.
391 2924 455 2961 certe
472 2915 548 2978 prius.
569 2915 705 2976 Utrumque

199 2993 266 3038 deest
278 2993 304 3038 in
317 2992 411 3053 aliquot
424 2993 500 3050 MSS,
511 2992 572 3039 illud
589 2995 614 3039 in
627 2993 704 3057 pluri-

197 3070 243 3115 bus
255 3080 279 3116 et
294 3069 321 3115 iu
334 3069 391 3116 edd.
404 3081 460 3117 autc
475 3069 532 3117 ald.
552 3097 586 3106 -
607 3073 648 3117 Ex
661 3071 704 3117 mi-

197 3163 256 3192 nore
267 3145 401 3193 Baliarima
413 3147 506 3202 insula5
520 3149 576 3194 vide
589 3166 660 3212 supra
674 3149 704 3196 ad

199 3227 274 3281 XXI,
290 3241 333 3282 at,
346 3241 371 3270 n.
385 3241 408 3283 7.

233 3311 257 3356 4.
272 3303 379 3366 Ingauni
389 3303 516 3366 (Ligurum
527 3320 557 3349 ea
567 3320 626 3367 gens
640 3310 702 3365 est),

199 3391 248 3428 etc.
260 3382 443 3442 Albingaunum
459 3383 592 3446 oppidum,
608 3394 705 3430 auctore

200 3459 333 3518 Strabone,
347 3459 390 3505 lib.
404 3460 449 3516 tv,
465 3478 491 3524 p.
504 3477 569 3514 aon,
588 3463 656 3520 cujus
668 3463 706 3508 in-

198 3538 258 3584 colae
267 3539 366 3602 Ligures
372 3539 480 3602 Ingauni
488 3540 647 3602 appellantur.
656 3542 707 3587 Me·

200 3628 307 3664 moratur
320 3631 417 3680 quoquc
434 3633 447 3663 a
460 3619 591 3665 Ptolemaeo
606 3629 630 3667 et
643 3618 705 3666 Plin.

201 3693 244 3742 lib.
259 3697 308 3752 ΙΙΙ,
326 3712 380 3759 cap.
395 3696 419 3742 5.
438 3698 476 3742 De
491 3697 630 3759 Epanteriis
645 3697 705 3744 nIhil

200 3771 265 3832 apud
277 3772 379 3821 idoneos
390 3784 501 3821 auctores
514 3791 527 3821 a
543 3792 568 3822 se
580 3777 705 3822 inventum

201 3859 303 3897 testatur
313 3851 458 3912 Glarcsuns3
477 3855 545 3917 quod
561 3870 651 3901 nomen
667 3871 706 3901 su·

200 3925 306 3987 spiratur
317 3932 355 3976 vel
370 3942 511 3994 corruptum
524 3949 574 3980 esse
588 3933 625 3980 val
640 3944 705 3979 vetu-

199 4014 258 4052 state
271 4006 395 4055 abolitum.
413 4012 495 4070 Quum
506 4023 585 4058 autem
598 4013 704 4074 Epante·

748 2759 802 2806 Ital.
817 2758 875 2805 Ant.
890 2761 914 2815 1,
926 2759 949 2806 8.
966 2760 1056 2807 Contra
1074 2756 1198 2814 Doujatius
1213 2772 1256 2801 no·

748 2852 803 2882 men
814 2847 958 2899 corruptum
966 2836 1098 2889 existimat,
1108 2850 1135 2879 ac
1147 2833 1254 2880 scriben-

748 2914 806 2961 dum
823 2930 873 2962 esse
891 2931 945 2961 cnm
963 2913 1099 2961 Intemeliis.
1117 2915 1183 2974 Quas
1199 2914 1254 2976 opi·

748 2993 834 3040 nioues
843 3004 970 3057 postquam
980 2992 1062 3039 retulit
1070 2989 1253 3038 Drakenborch.

749 3074 892 3135 pronuntiat
915 3071 961 3118 sibi
984 3071 1061 3117 videri
1083 3088 1114 3117 ex
1137 3070 1256 3118 Strabone

748 3149 1080 3212 colligendum.1ntemeli0s
1098 3166 1165 3211 aeqtre
1183 3160 1256 3210 atque

749 3233 870 3291 Ingaunos
880 3230 950 3276 lutsse
957 3228 1091 3274 maritimos
1098 3244 1104 3284 3
1112 3238 1189 3283 certe,
1198 3227 1255 3273 loco

749 3309 885 3354 uinearum
903 3308 973 3353 urbes
989 3306 1087 3353 Albium
1104 3306 1255 3352 Intemelium

750 3401 774 3435 et
793 3388 976 3453 AlbIngannnm
997 3389 1142 3442 maritimas,
1164 3383 1203 3434 ἐπὶ
1224 3389 1256 3450 τῇ

750 3464 873 3530 θαλάττῃ,
886 3479 966 3515 vocat.
988 3470 1088 3514 Praesrat
1103 3468 1178 3529 igitur
1193 3465 1256 3512 nihil

750 3545 854 3599 mutari,
872 3555 896 3590 et
916 3542 1060 3606 Epanteri0s
1086 3542 1169 3588 rafam
1191 3543 1257 3588 inter

750 3623 871 3685 populos,
885 3637 988 3683 quorum
1001 3621 1115 3667 memoria
1132 3622 1199 3683 lapsu
1216 3636 1258 3666 sae·

750 3700 860 3746 culorum
880 3701 1025 3760 ubicumque
1046 3699 1172 3763 depressa,
1189 3700 1256 3762 apud

751 3778 828 3823 solum
838 3779 930 3824 Livium
941 3773 1105 3840 emergit.'Eu.
1112 3805 1146 3814 -
1154 3780 1255 3832 Sauone,

749 3856 789 3902 vel
796 3857 891 3902 Savona
899 3857 1040 3912 Ptolemaeo,
1050 3856 1094 3903 lib.
1101 3858 1151 3912 111,
1160 3872 1213 3918 cap.
1229 3873 1237 3902 t
1249 3874 1257 3914 ;

750 3932 846 3979 Vadam
854 3935 994 3980 Sabbatium
1005 3934 1095 3991 Plinio,
1105 3936 1154 3992 111,
1169 3935 1199 3990 53
1212 3937 1257 3978 Sn-

749 4010 817 4058 batia
824 4012 974 4075 Pomponio,
984 4014 1020 4070 II,
1031 4019 1053 4065 t.
1062 4012 1142 4058 Hodie
1149 4014 1253 4067 Sanoua,
