2768 4574
1023 302 1035 325 ⁶
1101 306 1134 346 Ἄ.
1148 306 1172 344 C.
1186 318 1234 346 nr.

197 335 244 407 66
406 298 415 309 ’
623 333 660 400 Τ.
693 327 829 399 mvn
1111 367 1235 416 mm,

196 460 346 555 regione
371 454 570 552 platearum
599 450 805 552 patentibus
827 452 998 521 stationes
1024 450 1263 549 praesidiaque

197 567 393 665 disposuit,
413 590 459 634 ne
478 565 558 662 quis
574 565 614 633 in
628 564 791 634 discursu
807 560 961 631 militum
977 562 1134 658 impetus
1151 562 1188 632 in
1203 586 1263 632 ca·
1331 640 1337 655 Ι

196 694 270 749 stra
279 675 357 747 fieri
366 689 497 773 posset.
510 673 616 762 Inde,
627 674 729 770 signo
741 673 842 756 dat0‚
853 672 983 743 milites
993 673 1264 742 discurreruntr

196 786 430 882 refractisque
445 783 603 873 foribus,
623 807 736 880 quum
754 784 875 853 omnia
890 798 1026 854 terrore
1045 808 1086 854 ac
1099 781 1264 856 tumultu

196 911 420 994 streperent,
436 920 455 966 a
470 894 626 965 cedibus
641 906 762 964 tamen
777 907 1016 990 temperatum
1030 908 1095 964 est.
1112 894 1264 991 Rapinis

196 1008 316 1079 nullus
325 1020 408 1076 ante
419 1006 549 1076 modus
559 1003 644 1091 fuit,
659 1026 768 1098 qnam
781 1004 902 1073 omnia
914 1002 1082 1073 diuturna
1092 999 1264 1075 felicitate

195 1115 375 1193 cumulata
396 1113 494 1185 bona
517 1136 688 1210 egessere.
721 1116 820 1182 Inter
840 1113 916 1183 haec
942 1127 977 1184 et
999 1111 1262 1202 Philodemus,

180 1245 311 1322 'quum
329 1242 411 1322 spes
430 1224 551 1294 auxilii
570 1222 670 1293 nulla
690 1237 800 1310 esset,
818 1221 889 1293 fide
907 1237 1069 1318 accepta,
1083 1237 1123 1292 ut
1145 1225 1262 1294 invio·

194 1335 288 1406 latus
306 1333 352 1404 ad
370 1333 553 1430 Epicyden
570 1331 725 1419 rediret,
744 1331 900 1402 deducto
918 1331 1100 1429 praesidio‚
1115 1332 1263 1403 tradidit

197 1445 380 1528 tumulum
398 1443 577 1513 Romanis.
593 1445 734 1511 Aversis
753 1441 923 1511 omnibns
941 1439 985 1510 ad
1003 1441 1200 1512 tumultum
1215 1467 1262 1512 ex

195 1567 298 1651 parte
323 1568 435 1649 captae
457 1550 576 1638 urbis,
597 1551 790 1638 Bomilcar,
816 1566 962 1622 noctem
991 1549 1094 1623 eam8
1111 1566 1262 1640 nactus,

196 1688 269 1760 qua
283 1677 434 1761 propter
448 1663 523 1732 vim
541 1663 762 1760 tempestatis
777 1677 870 1733 stare
886 1662 931 1733 ad
946 1687 1112 1734 ancoram
1128 1664 1166 1732 in
1184 1663 1263 1734 salo

195 1798 344 1845 romana
362 1772 481 1844 classis
499 1797 575 1842 non
596 1786 738 1868 posset,
758 1797 841 1842 cnm
856 1773 1002 1868 triginta
1019 1774 1182 1869 quinque
1194 1797 1263 1843 na·
1293 1790 1297 1799 '

194 1883 299 1954 vibus
314 1908 358 1954 ex
373 1896 483 1978 portu
498 1906 713 1978 syracusano
729 1880 933 1980 profectus,
953 1882 1067 1954 libero
1078 1884 1168 1952 mari
1180 1883 1263 1954 vela

196 1995 234 2063 in
248 1992 359 2068 altum
376 1989 491 2078 dedit,
509 1993 673 2088 quinque
687 2007 723 2062 et
737 1993 999 2090 quinquaginta
1012 1991 1163 2063 navibus
1175 1993 1261 2091 Epi-

197 2102 294 2198 cydae
309 2117 345 2174 et
359 2103 590 2197 Syracusanis
605 2103 755 2191 relictis;
771 2103 980 2200 edoctisque
995 2103 1263 2199 Carthaginien·
1297 2106 1303 2116 '

194 2210 312 2299 sibus,
332 2214 370 2281 in
385 2226 522 2309 quanto
535 2237 593 2282 res
608 2236 820 2308 syracusana
834 2213 1039 2283 discrimine
1054 2228 1161 2298 esset,
1176 2237 1262 2283 eum

194 2339 341 2394 centum
353 2322 504 2394 navibus
516 2338 598 2420 post
612 2346 747 2420 paucos
763 2324 838 2394 dies
848 2323 956 2410 redit,
967 2323 1090 2393 multis
1102 2320 1278 2417 (ut'sama.

195 2437 271 2527 est)
287 2421 393 2503 donis
414 2456 458 2502 ex
472 2433 638 2505 Hieronis
654 2449 737 2530 gaza
758 2431 808 2502 ab¹
819 2432 977 2530 Epicyde
993 2432 1160 2504 donatus.

243 2532 372 2613 XXVI.
389 2543 597 2629 Marcellus,
615 2544 772 2640 Euryalo
787 2559 934 2641 recepto
946 2546 1189 2642 ¹praesidioque
1203 2543 1262 2614 ad·

195 2651 288 2737 dito,
304 2677 378 2721 una
391 2677 477 2723 cura
492 2669 567 2724 erat
577 2652 686 2742 liber,
702 2679 749 2724 ne
764 2653 891 2750 quaab
903 2668 1004 2752 tergo
1015 2657 1084 2724 vis¹
1098 2652 1261 2724 hostium

195 2762 234 2829 in
244 2784 363 2831 arcem
374 2779 519 2859 accepta
533 2762 690 2841 inclusos
704 2763 968 2861 impeditosque
982 2763 1165 2834 moenibus
1175 2787 1260 2834 suos

195 2867 368 2941 turbaret.
389 2871 631 2942 Achradinam
654 2871 757 2960 inde,
780 2875 882 2944 trinis
904 2876 1025 2945 castris
1045 2899 1110 2971 per
1128 2873 1261 2944 idonea
1295 2909 1298 2912 ·

193 2976 375 3075 dispositis
383 2981 481 3070 loca,
500 3005 563 3078 spe
575 2981 618 3051 ad
630 2983 788 3078 inopiam
799 2985 960 3054 omnium
970 2983 1091 3055 rerum
1101 2984 1261 3054 inclusos

95 3096 101 3106 “
191 3087 436 3177 redacturum,
451 3088 689 3161 circumsedit.
704 3096 826 3184 Quum
839 3119 904 3191 per
917 3095 1055 3191 aliquot
1073 3092 1149 3165 dies
1160 3094 1261 3190 quie·

192 3200 424 3269 testationes
446 3200 618 3294 utrinque
635 3198 802 3292 fuissent,
824 3218 973 3303 repente
993 3203 1167 3274 adventus
1176 3205 1261 3301 Hip·

194 3310 350 3404 pocratis
358 3323 393 3380 et
403 3307 782 3404 Himilconis‚utultro
791 3314 952 3409 undique
959 3325 1261 3410 oppugnarentur

194 3493 308 3558 conseq.)
325 3490 442 3539 stationes
455 3506 483 3555 p.
498 3491 626 3556 disposuit,
650 3498 702 3545 soil.
784 3501 807 3544 8.
821 3498 924 3544 Noctem
936 3514 990 3546 eam
999 3509 1099 3555 nactus,
1112 3499 1260 3563 opportuni·

193 3570 224 3617 ad
238 3587 289 3629 eas,
298 3581 340 3617 aut
348 3568 429 3632 portis
437 3569 529 3619 dietum
542 3589 588 3638 pro
600 3575 636 3622 ad
642 3592 703 3639 por·
747 3587 833 3633 tatem,
844 3591 916 3638 quam
925 3594 952 3624 ea
961 3578 1047 3637 dabat,
1057 3577 1191 3642 amplexus.

193 3659 241 3697 tas.
257 3648 571 3713 —Portis...pateneibus.
595 3654 703 3721 Creverii
783 3651 1162 3715 cir.xxvt51.tistosrtum‚
1175 3656 1259 3706 multi-

190 3739 252 3775 nota
264 3737 301 3774 est
313 3741 320 3774 :
331 3748 344 3768 α
354 3728 432 3776 Portis
441 3719 575 3780 castrorum
588 3733 679 3796 apertis
689 3749 703 3780 e
747 3733 808 3780 tudo
819 3733 913 3782 host.v.
920 3735 963 3785 Sil.
976 3737 1022 3793 IV,
1034 3735 1095 3798 599.
1104 3763 1139 3772 -
1148 3737 1259 3784 Inclusus

192 3806 293 3868 regione
309 3806 410 3855 latarum
425 3810 551 3874 utriusque
566 3809 635 3858 urbis
651 3811 702 3858 via·
746 3813 913 3871 redacturum,
925 3814 1256 3879 subauditopronominese,

193 3900 254 3942 rum.
270 3884 296 3931 Si
315 3885 369 3948 quis
392 3899 471 3938 tamen
489 3890 549 3936 velit
566 3889 701 3954 intelligere
746 3894 814 3955 quod
822 3892 924 3956 abigunt
932 3893 1032 3958 plurimi
1042 3906 1066 3941 et
1077 3896 1177 3959 optime
1191 3907 1258 3944 notae

191 3965 298 4026 ipsarum
316 3966 413 4014 urbium
433 3979 517 4031 portas
535 3968 586 4015 non
604 3985 701 4032 magno·
746 3971 852 4018 codices.
865 3975 950 4021 Posset
962 3984 987 4021 et
1001 3990 1056 4021 eum
1069 3977 1094 4024 J.
1108 3978 1147 4022 Fr.
1158 3977 1258 4023 Grono-

191 4057 248 4103 pere
261 4044 457 4108 repugnabimus.
468 4068 480 4086 ω
492 4047 536 4094 Eo.
590 4111 593 4116 ‚
744 4049 785 4097 vio
799 4050 859 4115 legi,
873 4050 975 4101 ircdcsos
988 4042 1113 4105 redactum
1127 4054 1165 4102 iri.
1183 4056 1229 4104 En.
