2768 4574
161 311 285 420 3:332:
316 332 410 400 nis.
438 333 597 401 xxvii.
626 333 728 401 car.
755 334 935 400 xtvru.
963 331 1099 400 xmx.
1130 330 1200 403 325

134 456 199 549 qui
217 454 335 553 primo
353 454 492 551 impetu
517 450 751 524 turbaverant
774 455 1049 550 antesignanos,
1070 469 1106 525 et
1126 454 1201 549 jam

135 566 236 662 signa
261 580 451 657 moverant
470 565 573 650 loce,
595 564 729 636 deinde
747 551 932 642 crescente
954 566 1151 637 certamine
1166 579 1202 637 et

135 677 312 763 clamore,
333 671 570 775 impotentius
593 676 666 772 jam
692 677 790 774 regi,
820 692 856 746 et
876 677 971 747 inter
992 675 1082 768 duas
1109 678 1203 746 acies

136 789 287 875 versari,
307 787 407 859 velut
422 788 552 858 incerti
572 811 732 884 quorum
748 802 888 875 essent;
910 785 1009 857 haud
1023 787 1203 857 dissimili·

135 911 192 970 ter
209 898 362 970 navibus
376 900 453 969 sine
470 897 719 996 gubernaculo
738 899 846 994 vagis.
863 896 1055 982 Claudius,
1075 893 1204 986 «Quid

127 1036 153 1070 ἰ(
167 1031 253 1104 ergo
263 1009 438 1107 praecipiti
448 1034 555 1080 cursu
564 1023 638 1079 tam
651 1007 799 1104 longum
811 1009 880 1078 iter
890 1009 1026 1079 emensi
1035 1006 1179 1077 sumus?
1188 1036 1207 1070 »v

136 1117 325 1190 clamitans
347 1119 542 1208 militibus,
563 1144 679 1217 quum
703 1120 742 1188 in
764 1117 956 1190 adversum
975 1118 1104 1188 collem
1128 1115 1209 1186 fro--

135 1242 209 1297 stra
221 1229 323 1325 signa
337 1231 474 1324 erigere
489 1245 638 1301 conatus
659 1243 773 1316 esset,
790 1244 985 1326 postquam
1000 1253 1043 1298 ea
1055 1228 1210 1325 regione

138 1340 320 1434 penetrari
337 1338 383 1409 ad
400 1338 542 1410 hostem
560 1363 637 1409 non
655 1338 801 1410 videbat
815 1362 942 1436 posse3
961 1338 1132 1409 cohortes
1147 1337 1206 1407 ali·

138 1461 228 1542 quot
245 1446 440 1520 subductas
462 1475 481 1520 e
505 1450 635 1530 dextro
657 1473 774 1519 cornu
782 1445 809 1538 ⁵,
827 1447 892 1533 ubi
915 1451 1107 1521 stationem
1127 1473 1206 1518 ma-

137 1559 190 1653 gis
209 1559 376 1655 segnem,
398 1584 507 1654 quam
530 1583 710 1656 pugnam,
734 1556 894 1628 suturam
917 1558 1105 1646 cernebat,
1123 1572 1206 1656 post

138 1669 250 1753 aciem
265 1669 521 1740 circumducit:
538 1685 592 1757 et,
605 1694 681 1739 non
697 1667 864 1740 hostibus
876 1669 1008 1758 m0d0,
1022 1667 1085 1740 sed
1098 1670 1206 1738 etiam

138 1780 212 1868 suis
230 1781 526 1877 inopinantibus,
551 1782 589 1851 in
619 1781 804 1851 sinistrum
818 1779 987 1851 hostium
1010 1774 1127 1851 latus6
1149 1779 1206 1848 in-

138 1892 271 1977 currit3
289 1906 464 1987 tantaque
479 1892 642 1964 celeritas
653 1889 738 1978 fuit,
754 1907 815 1979 ut,
829 1915 946 1989 quum
963 1889 1207 1964 ostendissent

140 2025 177 2071 se
204 2001 249 2071 ab
277 2001 409 2090 latere,
435 2028 521 2073 mox
549 2004 587 2072 in
613 2017 712 2101 terga
736 2003 810 2098 jam
836 2016 1051 2101 pugnarent.
1081 2007 1136 2072 Ita
1163 2024 1207 2069 ex

140 2111 312 2182 omnibus
321 2112 501 2209 partibus,
514 2112 560 2183 ab
575 2111 713 2207 fronte,
728 2113 774 2184 ab
788 2113 921 2203 latere,
938 2111 984 2183 ab
997 2115 1118 2209 terg0,
1132 2124 1207 2180 tru-

140 2220 308 2292 eidautur
317 2224 468 2320 Hispani
482 2225 728 2322 Liguresque;
748 2238 785 2294 et
800 2225 846 2293 ad
862 2223 986 2294 Gallos
1000 2218 1074 2318 jam
1091 2221 1208 2292 caedes

140 2348 365 2429 pervenerat.
376 2333 432 2404 Ibi
445 2335 635 2404 minimum
650 2335 854 2405 certaminis
868 2332 937 2403 fuit
953 2360 961 2401 :
977 2346 1112 2411 namet
1125 2354 1208 2429 pars

65 2477 67 2483 ·
140 2441 322 2540 magnaab
333 2445 443 2542 signis
457 2444 619 2534 aberant,
633 2460 741 2516 nocte
752 2443 881 2542 dilapsi
891 2445 1065 2540 stratique
1077 2465 1209 2514 somno

141 2553 272 2646 passim
296 2579 362 2649 per
382 2579 506 2652 agros3
527 2571 584 2644 et,
604 2557 668 2652 qui
688 2555 856 2643 aderant,
878 2556 1007 2625 itinere
1026 2578 1067 2624 ac
1080 2552 1208 2650 vigiliis

141 2659 241 2749 fessi,
258 2663 575 2739 intolerantissima
590 2666 724 2737 laboris
741 2689 894 2762 corpora
904 2677 930 2747 ⁷,
949 2666 1009 2732 vix
1024 2687 1121 2734 arma
1142 2661 1209 2730 hu-

141 2775 250 2844 meris
269 2775 468 2870 gestabant.
484 2784 528 2848 Et
540 2779 614 2871 jam
632 2776 703 2848 diei
718 2776 879 2847 medium
895 2790 990 2860 erat,
1007 2775 1157 2869 sitisque
1173 2784 1211 2841 et

142 2883 240 2955 calor
248 2884 860 2982 hiantescaedendoscapiendosque
870 2883 1004 2954 affatim
1012 2881 1207 2981 praebebat.

190 2998 313 3066 XLIX.
335 2995 527 3094 Elephanti
545 2998 668 3095 plures
687 2995 733 3067 ab
751 2998 838 3094 ipsis
856 2995 1081 3083 rectoribus,
1099 3017 1210 3092 quam

142 3103 187 3179 ab
201 3103 323 3195 hoste,
337 3105 526 3178 interfecti.
545 3105 685 3178 Febr-ile
703 3107 884 3204 scalprum
904 3131 987 3177 cum
1003 3092 1134 3174 malleo
1149 3102 1210 3173 ba-

143 3291 200 3339 vide
212 3308 285 3356 supra
299 3293 331 3340 ad
341 3292 386 3342 lib.
392 3296 454 3355 VII,
467 3311 521 3360 cap.
532 3311 579 3358 29,
592 3312 617 3344 n.
629 3295 653 3342 3.
699 3295 724 3342 in
735 3296 863 3351 dextrum,
879 3296 928 3343 uisi
944 3295 971 3341 iu
984 3310 1034 3357 quo
1048 3294 1152 3358 Hispani
1166 3309 1212 3358 pu-

185 3372 211 3425 5,
233 3372 348 3421 cohortes
372 3374 469 3438 aliquot
488 3375 619 3423 subductas
641 3391 655 3420 e
699 3375 856 3438 guahant,ut
867 3375 932 3423 Galli
943 3375 970 3420 in
981 3373 1152 3432 sinistr03nisi
1164 3390 1213 3422 me·

144 3451 230 3499 dextro
243 3470 318 3500 cor-rm
329 3451 407 3516 (conf.
419 3455 451 3502 ad
463 3457 592 3515 XXXVI,
608 3456 654 3514 18,
698 3455 783 3502 moriae
796 3455 857 3502 vitio
870 3455 951 3518 lapsus
969 3463 1006 3500 est
1020 3453 1119 3512 Livius3
1134 3454 1210 3502 Periz.

144 3547 170 3577 n.
183 3529 222 3594 6),
234 3532 310 3579 scilic.
322 3532 350 3581 in
363 3545 471 3582 extrema
484 3535 536 3582 acie
547 3546 654 3592 stantes,
698 3546 723 3583 et
733 3535 799 3583 Glar.
810 3535 882 3583 Conf.
895 3546 948 3582 not.
962 3535 990 3590 3,
1002 3542 1026 3580 et
1037 3533 1069 3580 ad
1082 3534 1143 3592 VII,
1153 3534 1193 3581 15.

145 3626 195 3656 non
207 3626 305 3669 omnes,
318 3629 348 3659 ne
365 3612 444 3662 hostis
461 3616 575 3674 sentiret,
594 3613 655 3678 quid
735 3613 985 3674 7.lneolerautissima
993 3612 1085 3660 laboris
1094 3628 1215 3676 corpora,·

144 3688 281 3744 moliretur,
295 3703 354 3754 post
367 3693 445 3740 aciem
461 3694 548 3743 laevam
565 3697 655 3742 Roma·
699 3693 756 3740 vide
769 3694 801 3740 ad
812 3695 844 3751 V,
859 3700 906 3750 44,
921 3709 945 3739 n.
961 3699 985 3747 t.
1001 3719 1036 3727 -
1051 3693 1133 3753 Quum
1150 3692 1212 3740 illud

144 3784 234 3814 norum
253 3768 428 3829 circumduxit,
451 3785 475 3822 et
494 3775 600 3839 primum
623 3775 655 3823 ab
700 3774 788 3838 saepius
806 3762 872 3836 tipud
888 3772 1003 3835 antiquos
1020 3784 1131 3819 auctores
1148 3773 1213 3834 obje-

146 3849 235 3904 lotere,
252 3864 312 3894 mox
322 3851 394 3898 etiam
403 3853 504 3902 ulterius
514 3871 656 3919 progressus
700 3865 767 3900 ctum
774 3852 850 3899 Gallis
858 3852 953 3898 videam
962 3885 969 3908 ‚
982 3866 1034 3898 uon
1043 3867 1142 3915 possum
1153 3854 1214 3916 quin

40 3969 43 3975 Α
145 3945 163 3975 a
175 3939 241 3991 tergo
254 3928 344 3977 invasit
352 3932 449 3979 Poenos.
463 3934 501 3982 Cf.
513 3935 600 3998 Polyb.
610 3935 627 3981 1.
639 3935 655 3981 l.
701 3949 784 3980 verum
798 3943 857 3978 tunc
867 3931 941 3978 fuisse
950 3930 1093 3978 existimem.
1107 3934 1142 3979 At
1154 3949 1213 3995 pro-

145 4035 180 4045 -
190 4006 324 4054 Stationem
335 4024 429 4072 segnem
436 4030 447 4068 ,·
458 4013 490 4059 cf.
502 4025 554 4060 not.
567 4016 591 4061 3.
702 4013 766 4059 fecto
776 4009 846 4058 valde
860 4010 986 4057 immutata
998 4010 1102 4058 militum
1116 4022 1213 4058 nostro·

182 4087 206 4133 6.
214 4089 244 4138 Iu
252 4085 376 4141 sinistrum
385 4088 489 4139 domm
498 4085 576 4140 latus:
582 4093 657 4144 immo
702 4107 756 4138 rum
769 4101 868 4150 natura,
880 4105 942 4153 quoe
953 4089 1044 4155 pariter
1053 4091 1174 4154 AEgyptus
1186 4090 1215 4141 iu
