2768 4574
261 317 310 388 26
688 317 726 384 r.
761 316 934 385 mvn
1172 297 1295 404 titt:

260 445 381 531 Quum
400 450 515 536 portae
535 436 843 535 appropinquaret
857 447 901 527 ¹²,
920 434 1039 508 editus
1056 459 1100 507 ex
1118 439 1320 535 composito

259 549 352 645 ignis
365 546 411 618 ab
431 545 630 618 Hannibale
649 559 702 617 est
716 544 940 644 refulsitque.
956 547 1056 618 Idem
1075 546 1253 618 redditum
1274 547 1320 619 ab

258 659 396 729 Nicone
422 658 563 752 signum
583 681 591 725 :
611 655 792 726 exstinctae
814 653 944 727 deinde
964 657 1147 753 utrimque
1170 637 1320 728 flammae

259 782 355 838 sunt.
369 765 547 837 Hannibal
565 767 708 837 silentio
726 765 882 837 ducebat
894 763 924 809 ¹³
943 766 988 838 ad
1002 782 1155 864 portam.
1171 769 1262 841 Nico
1276 794 1320 839 ex

259 878 455 975 improviso
469 876 616 948 adortus
634 879 772 976 sopitos
784 878 908 975 vigiles
920 879 959 948 in
974 877 1154 951 cubilibus
1172 881 1243 951 suis
1257 877 1321 950 ob·

259 1000 428 1073 truncat,
452 1002 676 1085 portamque¹
693 988 819 1084 aperit.
847 989 1025 1060 Hannibal
1050 1014 1133 1061 cum
1155 990 1319 1089 peditum

259 1100 399 1194 agmine
417 1098 640 1195 aggreditur,
660 1097 800 1194 equites
818 1097 1010 1170 subsistere
1022 1098 1149 1195 jubet;
1167 1114 1225 1188 ut,
1246 1124 1320 1197 quo

257 1230 316 1277 res
332 1207 512 1303 postulet,
530 1230 718 1277 occurrere
734 1205 849 1278 libero
866 1231 994 1307 campo
1010 1223 1170 1307 possent.
1187 1214 1230 1280 Et
1245 1209 1321 1281 Phi-

256 1317 422 1388 lemenus
436 1317 586 1414 portulae
600 1330 700 1414 parte
708 1316 794 1404 alia,
805 1341 878 1414 qua
890 1323 1130 1391 commeareIl
1145 1331 1320 1405 assuerat,
1366 1326 1369 1332 “

256 1426 584 1525 appropinquabat.
594 1431 688 1499 Nota
698 1452 768 1498 vox
781 1428 860 1523 ejus
869 1443 906 1499 et
914 1427 1085 1501 familiare
1093 1431 1167 1526 jam
1180 1431 1321 1527 signum

256 1561 373 1634 quum
392 1537 579 1608 excitasset
598 1536 759 1635 vigilem,
781 1539 930 1628 dicenti,
946 1541 1006 1609 vix
1023 1541 1199 1610 sustinere
1218 1563 1321 1636 gran·

258 1648 312 1719 dis
328 1647 451 1720 bestiae
475 1673 589 1734 onuS,
609 1649 755 1745 portula
776 1651 948 1746 aperitur.
971 1649 1172 1722 Inferentes
1193 1672 1321 1746 aprum

257 1758 331 1829 duo
350 1759 502 1854 juvenes
521 1772 697 1856 sequutus
714 1760 791 1857 ipse
810 1784 893 1830 cum
912 1758 1120 1860 expedito¹⁵
1138 1774 1321 1846 venatore,

254 1870 420 1967 vigilem,
440 1870 618 1940 incautius
634 1869 810 1940 miraculo
831 1870 1090 1968 magnitudinis
1104 1872 1143 1940 in
1162 1894 1242 1957 eos,
1258 1870 1322 1966 qui

255 1976 439 2067 ferebant,
460 2003 627 2068 versum,
647 1980 828 2051 venabulo
849 1982 989 2077 trajicit.
1015 1985 1167 2082 ingressi
1190 1980 1322 2052 deinde

256 2090 403 2188 triginta
415 2087 490 2161 fere
505 2091 632 2160 armati
646 2070 792 2162 caeteios
806 2091 930 2190 vigiles
943 2091 1183 2180 obtruncant,
1196 2090 1323 2162 refrin-

258 2320 311 2374 ἐστὶ
324 2327 427 2392 πλῆρες,
442 2317 487 2375 διὰ
498 2323 526 2374 τὸ
537 2321 593 2382 τοὺς
604 2319 765 2376 cucurrimu-
809 2327 894 2364 contra
902 2333 995 2364 morem
1002 2319 1145 2367 Graecorum
1154 2316 1264 2381 sepulcra
1274 2315 1323 2362 fue·

257 2420 303 2460 τας
317 2402 352 2452 ἔτι
362 2400 403 2453 itai
414 2408 453 2454 νῦν
465 2402 602 2455 θάπτεσθαι
614 2408 672 2471 παρ’
685 2403 766 2460 αὐτοῖς
810 2395 861 2443 rint
874 2395 937 2443 intra
950 2398 1047 2468 moenie.

192 2498 196 2505 ’
256 2483 433 2541 adurat-itti:
452 2487 500 2533 τῶν
515 2487 612 2548 τειχῶν.
633 2487 690 2532 Huc
713 2500 767 2548 spe·
850 2489 889 2521 12.
908 2477 986 2537 Quum
1003 2487 1086 2540 porta
1100 2474 1319 2539 appropinquaret,

257 2562 403 2609 cunevet-b.
411 2577 477 2626 seqq.
486 2596 494 2620 ‚
503 2577 557 2625 quae
564 2573 645 2609 umen
652 2571 767 2624 corrupt„
811 2551 905 2601 scilicet
916 2554 1057 2604 Hannibal:
1074 2553 1141 2618 quod
1152 2553 1246 2600 mallem
1257 2550 1322 2611 adje-

256 2651 298 2687 aut
305 2641 389 2688 mutila
396 2652 460 2688 sunt
468 2639 606 2688 Includitur
611 2640 638 2687 in
646 2639 703 2687 edd.
711 2649 768 2687 ante
812 2631 884 2680 θὶὃθθῑ
896 2633 993 2694 Livius,
1010 2646 1035 2682 et
1046 2634 1135 2682 deinde
1148 2633 1180 2680 ab
1192 2648 1221 2678 eo
1233 2647 1280 2695 pro
1289 2631 1322 2678 ab

255 2719 334 2766 Gron.
341 2718 384 2766 sed
391 2718 547 2766 includuntur
553 2719 580 2766 in
587 2718 768 2766 omnibusMSS
812 2711 952 2761 Hannibale
966 2715 1108 2778 scripsisset.
1127 2715 1199 2759 Forte
1216 2710 1263 2774 leg.
1278 2726 1322 2773 ap-

256 2807 281 2846 et
304 2798 371 2862 regio
392 2809 428 2845 est
447 2797 562 2845 orientem
583 2797 718 2862 spectabest
741 2795 769 2842 in
807 2791 1041 2855 proquinquaretur.

256 2877 365 2941 optimis;
375 2877 490 2925 orientem
496 2888 590 2940 spectat
597 2875 634 2924 ad
639 2875 769 2923 mom'men-
851 2869 890 2916 13.
904 2871 1033 2920 Hannibal
1038 2871 1133 2921 silentio
1143 2870 1261 2927 ducebat;
1271 2868 1321 2917 vid.

255 2967 298 3012 ta,
326 2973 382 3020 quar
405 2956 471 3004 intra
496 2955 585 3003 moenia
612 2954 769 3002 includuntur
812 2945 844 2992 ad
857 2949 882 3006 I·‚
900 2951 947 3009 23,
960 2960 1023 3008 ml..

256 3038 321 3096 corrj.
329 3037 346 3084 J
348 3069 354 3082 .
364 3039 402 3083 Fr.
413 3037 491 3094 Groq.
502 3035 619 3081 orientem
629 3043 723 3096 spectat
734 3031 771 3078 ad
850 3034 889 3082 14.
900 3029 955 3090 Qua
961 3045 1097 3078 commeare
1102 3039 1213 3077 assuerat
1217 3046 1227 3084 ;
1234 3024 1284 3074 vid.
1291 3025 1322 3073 ad

256 3115 339 3170 busta,
357 3131 413 3178 quie
430 3112 530 3160 Tarenti
547 3111 612 3159 intra
634 3127 666 3158 m.
685 3110 701 3157 i.
714 3111 767 3161 Jac.
813 3106 1320 3172 cape,n.6.-1tamiliarejamsignum,

257 3195 335 3242 Gron.
355 3205 379 3241 et
399 3191 473 3239 Drak.
493 3190 609 3238 orientem
620 3189 748 3253 spectabat
759 3206 769 3237 .·
812 3199 1067 3246 normannicarum,
1078 3186 1150 3234 sibilo
1160 3184 1251 3232 datum.
1258 3184 1323 3232 Con·

255 3273 317 3320 Nico
332 3288 387 3319 cum
398 3271 470 3319 sociis
483 3268 520 3316 ad
529 3269 677 3316 monimenta
690 3280 766 3326 esset,
812 3267 849 3315 fer
861 3284 914 3334 cap.
929 3270 944 3316 8
959 3279 1019 3316 extr.
1031 3269 1094 3314 Mox
1106 3263 1198 3312 dicenti
1210 3280 1223 3311 e
1236 3279 1249 3309 a
1260 3264 1322 3313 Mss

203 3415 205 3419 Ι
257 3369 312 3417 quae
323 3351 478 3414 aliquantum
494 3348 560 3395 intra
573 3347 662 3395 moenia
676 3347 767 3396 includ.
811 3349 893 3412 recepi
902 3364 956 3396 eum
966 3345 1097 3395 Stroth.1n
1105 3343 1159 3391 aliis
1168 3352 1205 3390 est
1213 3341 1320 3399 dicente,

257 3431 371 3496 Sigonius
380 3429 500 3494 probante
508 3427 631 3485 Strothio,
642 3426 684 3475 sed
694 3426 768 3474 refra-
812 3437 837 3474 et
848 3425 987 3488 inreliquis
999 3422 1055 3471 edd.
1070 3421 1178 3471 dicentis.
1194 3448 1230 3458 -
1247 3421 1322 3469 Susti-

257 3521 328 3575 gante
342 3512 365 3558 J.
380 3512 420 3556 Fr.
435 3506 579 3566 Gronoviu,
598 3507 641 3570 qui
658 3507 712 3555 brec
729 3507 768 3555 in·
812 3519 869 3559 nere
878 3521 911 3553 ee.

258 3590 377 3654 terpoeita
394 3588 452 3648 satie
468 3602 500 3635 ex
515 3603 583 3650 seqq.
597 3585 701 3650 intelligi
715 3601 767 3633 mo·
849 3583 890 3632 15.
904 3581 963 3631 Cum
976 3581 1089 3646 expedito
1108 3591 1241 3636 venatore;
1265 3578 1322 3626 vide

256 3681 307 3718 net.
326 3673 397 3716 Forte
412 3665 542 3730 legendum
553 3676 628 3729 parte
644 3664 767 3729 aliapcr-
812 3663 961 3721 v,1o,n.
981 3680 1006 3713 2.
1026 3660 1073 3713 Σὺν
1099 3660 1165 3728 αὐτῷ
1185 3652 1321 3727 topadium
1351 3672 1353 3676 ’

257 3760 308 3798 tam
330 3750 357 3795 T.
379 3745 461 3794 adiret
478 3745 607 3793 Hannibal
623 3745 674 3811 (ea
692 3760 724 3790 m.
745 3758 766 3789 r.
812 3739 872 3805 igue
896 3734 1025 3798 decantarit
1048 3741 1127 3810 ἕτερος
1148 3741 1216 3807 apud
1234 3737 1321 3805 Polyb.

256 3846 280 3878 a.
294 3825 418 3891 spectat).·
438 3836 560 3890 essentque
573 3824 620 3872 alii
640 3822 723 3889 (Nico
742 3831 767 3869 et
811 3811 940 3877 Appianae
959 3812 1032 3871 dicit,
1054 3827 1109 3860 eum
1127 3826 1210 3859 secum
1224 3810 1323 3858 duxisse

255 3907 385 3971 Tragiscue
396 3921 452 3953 cum
460 3903 556 3968 sociis),
569 3920 621 3968 qua
630 3897 719 3967 (parte)
729 3909 767 3946 tu·
812 3893 901 3945 Poenoe
912 3895 1015 3956 milites,
1029 3889 1140 3961 θώρακας
1155 3883 1248 3941 ἔνδοθεν
1265 3889 1323 3938 iene-

256 3986 317 4036 muti
331 3985 396 4033 intra
402 3984 491 4032 mania
498 3983 684 4031 includerentur.
694 3977 767 4028 cont.
811 3968 946 4042 inrepitete
958 3971 1000 4026 καὶ
1012 3972 1082 4040 ξίφη,
1093 3968 1127 4022 τὰ
1133 3964 1159 4020 ‹l’
1170 3970 1238 4028 itttbt
1248 3969 1283 4026 ὡς
1292 3964 1320 4017 ἂν

256 4064 344 4129 Polyb.
363 4064 490 4130 quiedam
500 4064 587 4122 docet,
607 4076 650 4110 our
669 4057 768 4109 Tarenti
814 4051 838 4112 ἐς
850 4053 983 4122 κυνηγέτας
998 4050 1195 4120 ἐσκευασμένους.
