2768 4574
142 293 214 376 aaa
576 292 617 360 Τ.
649 288 789 362 L1t11
855 300 858 307 “
1026 275 1187 384 titt

141 483 171 550 1.
194 429 351 584 Quum
373 476 526 547 transitu
544 464 795 563 Hasdrubalis,
813 490 993 571 quantum
1012 478 1051 547 in
1068 476 1218 551 ltaliam

141 576 401 662 declinaverat1
424 585 533 675 belli,
551 600 695 657 tantum
710 585 836 658 levatae
854 587 1033 684 Hispaniae
1045 586 1219 661 videren-

143 715 221 789 tur,
239 704 407 771 renatum
426 696 478 768 ibi
498 688 619 768 subito
634 721 700 794 par
715 698 827 793 priori
843 695 981 768 bellum
1000 711 1064 768 est.
1082 699 1218 798 Hispa-

142 811 220 893 nias
239 835 288 883 ea
309 820 524 908 tempestate
544 811 595 880 sic
614 807 801 893 habebant
827 809 981 880 Romani
1005 810 1215 908 Poenique:

142 920 363 1010 Hasdrubal,
381 921 550 1019 Gisgonis
565 914 678 1009 filius,
703 919 749 991 ad
768 924 954 991 Oceanum
975 920 1121 1017 penitus
1138 924 1218 993 Ga-

142 1030 280 1129 desque
300 1046 526 1104 concesserat
546 1059 553 1101 :
574 1032 691 1103 nostri
703 1031 833 1101 maris²
852 1055 916 1102 ora
930 1032 1122 1129 omnisque
1136 1028 1219 1117 fer-

143 1168 202 1216 me
225 1145 414 1241 Hispania,
438 1167 512 1239 qua
535 1143 575 1212 in
598 1142 778 1212 orientem
803 1142 940 1238 vergit,
965 1141 1143 1238 Scipionis
1158 1167 1218 1214 sac

140 1277 299 1324 romanae
318 1251 465 1322 ditionis
479 1266 565 1323 erat.
580 1255 707 1323 Novus
724 1252 923 1348 imperator
939 1257 1089 1338 Hanno,
1107 1252 1146 1321 in
1163 1251 1218 1322 lo·

142 1388 227 1435 cum
237 1365 378 1434 Barcini
385 1348 619 1434 Hasdrubalis
632 1386 730 1432 novo
749 1385 833 1431 cum
852 1361 1014 1432 exercitu
1030 1359 1074 1433 eri
1088 1360 1215 1449 Africa

141 1488 384 1571 transgressus
400 1456 622 1574 Magonique
643 1472 813 1566 junctus,
836 1494 954 1567 quum
981 1471 1020 1541 in
1048 1473 1215 1546 Celtibe·

139 1587 209 1683 ria,
225 1609 316 1683 ¹quae
338 1583 457 1677 media
479 1588 573 1655 inter
593 1577 796 1655 duo'maria
812 1596 885 1669 est,
908 1581 1214 1682 bretimagnum

141 1694 334 1768 bominum
355 1717 550 1765 numerum
570 1706 762 1781 armasset3
787 1693 908 1789 Scipio
928 1691 1100 1764 adversus
1122 1719 1213 1766 eum

140 1811 190 1876 Μ.
205 1807 373 1878 Silanum·
385 1829 469 1876 cum
488 1804 613 1875 decem
633 1802 729 1875 haud
747 1803 831 1900 plus
852 1801 1013 1875 millibus
1030 1804 1213 1897 militum,

141 1916 327 2014 equitibus
346 1911 590 2014 quingentis-²³,
608 1915 716 1986 misit.
741 1914 903 2003 SilanuS,
925 1902 1072 2011 quantis
1091 1920 1214 1988 maxi-

141 2029 208 2100 mis
228 2029 348 2126 potuit
374 2023 566 2097 itineribus
586 2023 855 2123 (impediebant
875 2036 997 2096 autem
1016 2040 1053 2097 et
1073 2029 1215 2123 asperi-

140 2150 232 2208 tates
247 2137 404 2224 viarum,
419 2149 455 2206 et
465 2137 637 2234 angustiae
653 2133 803 2206 saltibus
811 2132 963 2224 crebris,
981 2150 1023 2206 ut
1034 2136 1216 2241 pleraqpe

54 2309 59 2314 ,
141 2247 319 2344 Hispaniae
340 2261 443 2334 sunt,
462 2245 645 2341 inclusae),
663 2260 786 2316 tamen
804 2270 882 2316 non
905 2245 1025 2316 solum
1040 2247 1215 2336 nuntios,

141 2357 331 2453 sedetiam
355 2354 487 2426 famam
509 2355 687 2426 adventus
712 2357 769 2427 sui
791 2379 1028 2452 praegressus,
1052 2355 1215 2430 ducibus

142 2467 302 2538 indidem
317 2491 361 2537 ex
376 2463 570 2537 Celtiberia
584 2463 796 2562 transfugis,
812 2464 858 2535 ad
871 2462 1015 2535 hostem
1029 2469 1213 2561 pervenit.

141 2577 285 2650 Eisdem
301 2575 510 2648 auctoribus
531 2590 761 2674 compertum
777 2588 851 2661 est,
872 2598 987 2671 quum
1003 2572 1130 2645 decem
1150 2577 1217 2646 cir

141 2693 231 2762 citer
258 2689 394 2759 millial
423 2672 480 2760 ab*
497 2687 602 2759 hoste
636 2687 823 2786 abessent,
854 2685 942 2756 bina
972 2699 1087 2763 castra
1113 2686 1217 2775 circa

90 2884 93 2888 ⁴
140 2804 256 2888 viam,
273 2825 346 2898 qua
364 2802 481 2887 irent,
501 2823 577 2870 esse
593 2798 701 2869 :laeva
717 2797 941 2883 Celtiberos,
957 2819 1096 2867 novum
1109 2820 1218 2869 exer·

174 3007 235 3055 Car.
246 3006 268 3052 1.
286 3019 308 3050 1.
320 3004 447 3064 Quantum
459 3001 484 3049 in
495 3002 597 3051 Italiam
609 3002 651 3051 de·
695 3037 731 3048 -
746 3009 923 3074 impediebant.
941 3011 972 3056 In
990 3007 1101 3057 Braucal.
1117 3010 1217 3059 Licinii

137 3084 272 3133 clinarerat
281 3082 312 3129 ab
323 3081 450 3144 HispanIis
462 3081 507 3146 (al.
520 3081 651 3129 inclinave-
696 3089 752 3138 cod.
770 3089 860 3153 legitur
873 3088 1075 3154 prepediebant,
1090 3089 1178 3152 quod,
1192 3093 1217 3140 si

139 3175 181 3213 rat
193 3174 218 3211 et
229 3163 309 3209 Rben.
324 3158 579 3224 inundaverantetli,
595 3173 650 3209 tan·
694 3170 776 3234 plures
782 3168 935 3227 accederent,
946 3184 998 3216 non
1004 3167 1217 3218 Drakenborcbio

138 3255 189 3291 tum
204 3242 289 3288 Ievatae
300 3238 446 3302 Hispaniae,·
459 3240 620 3290 translatione
636 3259 650 3290 a
695 3247 844 3312 displiceret.
855 3249 898 3295 Est
906 3248 972 3296 enim
981 3247 1051 3295 Livio
1060 3245 1135 3295 valde
1145 3264 1217 3297 ama-

137 3321 208 3368 lance
218 3329 314 3382 sumpta
324 3332 330 3365 :
341 3311 398 3364 nam
409 3334 459 3382 quo
469 3320 576 3383 graviori
586 3338 650 3384 pon·
693 3336 746 3374 tum
756 3325 870 3384 verbum3
881 3327 948 3374 conf.
958 3326 991 3373 ad
998 3328 1061 3385 VII,
1072 3326 1119 3386 363
1133 3329 1217 3388 VIII,

138 3400 196 3447 dere
214 3399 274 3446 lanx
288 3397 364 3444 altera
377 3399 510 3462 premitur,
526 3416 556 3447 eo
573 3400 649 3464 magis
696 3407 743 3464 383
754 3408 806 3462 IX,
821 3407 852 3464 6,
870 3406 994 3465 et14,al.
1006 3407 1052 3453 En.
1064 3432 1098 3442 -·
1113 3407 1149 3454 Ut
1154 3409 1215 3472 ple-

138 3478 261 3533 contmria
272 3478 349 3526 levari
360 3477 648 3542 videtur381gon.Conf.
693 3500 770 3548 mque
778 3484 907 3549 Hispaniae
914 3497 986 3542 sunu
997 3480 1065 3534 conf.
1076 3484 1107 3533 ed
1116 3485 1216 3536 libmm

139 3556 171 3607 ad
184 3559 234 3618 III,
251 3559 296 3616 16,
309 3575 334 3605 n.
348 3566 372 3614 4.
693 3566 773 3622 XXI,
785 3581 840 3628 cap.
850 3565 892 3624 57,
906 3581 933 3613 n.
946 3565 970 3612 6.
980 3593 1015 3602 -
1025 3566 1132 3614 luctum
1144 3568 1216 3618 forte

172 3653 197 3686 a.
210 3638 296 3686 Nostri
307 3636 399 3694 maris,
419 3637 599 3688 mediterranei.
614 3666 648 3676 -·
694 3642 756 3701 del,
772 3655 814 3692 aut
827 3644 910 3708 potius
924 3645 971 3709 leg.
985 3644 1103 3693 iactuum
1116 3647 1160 3705 vel
1173 3647 1218 3695 in-

139 3714 268 3766 celtiberia
291 3717 373 3765 media
394 3716 458 3764 inter
479 3718 528 3764 duo
550 3717 646 3775 maria,
693 3722 863 3779 clusos,·Duk.
877 3723 941 3771 Mox
953 3735 1049 3780 tomen,
1064 3735 1093 3772 ut
1101 3725 1217 3790 passm,

138 3795 311 3845 Cantabricum
324 3806 348 3843 et
361 3795 490 3844 Ibericum.
693 3813 752 3865 post
762 3802 927 3866 parenthesim
936 3804 1059 3868 positum,
1070 3814 1096 3853 et
1109 3804 1143 3852 ad
1157 3821 1217 3856 eam

173 3877 197 3924 3.
216 3877 275 3925 Cum
290 3876 372 3922 decem
389 3875 459 3924 baad
469 3876 527 3940 plus
544 3875 649 3924 millibus
693 3881 855 3929 referendum.
868 3910 903 3918 -
919 3882 1049 3940 Indidem
1064 3884 1123 3932 vide
1134 3901 1215 3951 supra

136 3955 254 4012 militum,
274 3953 393 4017 equitibus
419 3954 571 4019 quingentis;
592 3956 649 4003 vide
693 3960 724 4006 ad
736 3962 840 4019 XXIII,
854 3961 900 4019 46,
914 3979 938 4009 n.
949 3962 974 4009 5.

137 4049 210 4097 supra
223 4033 254 4080 ad
266 4032 357 4080 librum
368 4035 457 4091 XXII,
470 4051 523 4098 cap.
534 4037 576 4094 37,
588 4053 612 4086 n.
623 4053 647 4105 a.
730 4047 756 4094 4.
771 4041 859 4086 Decem
874 4040 971 4088 circiter
988 4041 1080 4100 millia;
1097 4043 1166 4092 ride·
1176 4046 1213 4094 ad
