2768 4574
169 300 292 404 titt,
355 315 851 384 mauruncium.
879 316 980 382 xv1.
1125 307 1194 407 475

143 437 294 507 abirent.
317 439 369 505 Ex
384 435 454 506 hoc
471 433 798 519 senatusconsultu,
823 436 942 505 accitis
956 441 1107 514 Romam
1124 458 1195 504 ma·

143 541 656 643 gistratibus'primoribusque
674 568 796 613 earum
811 543 1052 631 coloniarum,
1066 569 1196 615 consu·

145 655 196 725 les
208 680 319 751 quum
332 656 481 725 militem
494 652 785 751 stipendiumque
797 652 1046 746 imperassent,
1056 650 1113 720 alii
1123 651 1199 720 aliis

145 767 255 862 magis
273 790 434 836 recusare
451 789 491 833 ae
508 763 712 833 reclamare.
734 765 871 858 Negare
890 776 1029 829 tantum
1045 761 1196 831 militum

144 877 381 970 effieiposse:
400 878 485 957 viu,
506 878 539 941 si
556 871 727 968 simplum
747 895 795 940 ex
806 866 974 960 formula
995 875 1196 964 imperetur,

144 989 315 1052 enisurm.
326 984 436 1051 Orare
451 996 558 1077 atque
572 981 776 1066 obsecrare,
792 980 910 1050 utsibi
918 994 1082 1050 senatum
1098 980 1199 1050 adire

145 1119 189 1162 ac
202 1094 387 1189 deprecari
402 1092 529 1162 liceret.
545 1091 651 1164 Nmtl
662 1117 719 1178 se,
737 1116 850 1188 quare
857 1097 979 1187 perire
996 1095 1120 1159 merito
1137 1089 1198 1158 de-

146 1202 281 1288 berent,
296 1200 506 1272 admisisse:
522 1202 600 1289 sed,
616 1209 649 1272 si
651 1201 882 1298 pereundum
895 1206 1002 1271 etiam
1006 1201 1124 1288 foret,
1140 1222 1200 1267 ne·

145 1335 216 1408 que
239 1336 345 1381 suum
369 1311 556 1399 delutum,
582 1338 697 1410 neque
721 1317 812 1380 iram
830 1309 964 1408 populi
985 1314 1142 1395 romani,
1161 1323 1203 1378 ut

138 1421 226 1517 plus
245 1420 398 1490 militum
421 1421 565 1508 darent,
586 1447 698 1518 quam
719 1420 909 1505 haberent,
920 1443 1031 1516 posse
1047 1419 1199 1512 efficere.

147 1529 323 1599 Consules
336 1528 507 1599 obstinati
519 1555 664 1601 manere
681 1528 816 1626 legatos
829 1535 949 1599 Romae
963 1527 1113 1621 jubent,
1128 1551 1201 1596 ma·

147 1640 312 1734 gistratus
328 1640 379 1708 ire
391 1638 518 1708 domos
532 1639 578 1709 ad
592 1638 750 1710 delectus
767 1636 964 1708 habendos.
975 1637 1050 1708 Nisi
1064 1659 1201 1705 summa

147 1752 321 1838 militum,
341 1778 420 1848 quae
445 1755 618 1850 imperata
638 1769 748 1838 esset,
769 1758 920 1822 Romam
946 1749 1117 1836 adducta,
1138 1773 1199 1818 ne·

147 1863 281 1931 minem
304 1863 346 1931 iis
368 1876 530 1935 senatum
550 1858 753 1932 daturum⁶.
770 1867 823 1932 Ita
841 1861 984 1959 praecisa
1006 1884 1070 1955 spe
1097 1883 1200 1928 sena·

147 1985 224 2039 tum
236 1970 393 2040 adeundi
406 1971 696 2068 deprecandique
708 2026 717 2058 ,
731 1971 891 2042 delectus
908 1972 997 2040 iniis
1012 1967 1200 2038 duodecim

147 2079 314 2165 colonia,
337 2104 402 2176 per
423 2081 566 2176 longam
590 2082 813 2150 vacationem
842 2103 995 2150 numero
1014 2078 1199 2173 juniorum

148 2204 272 2277 aucto,
292 2189 387 2260 haud
408 2189 600 2261 difficulter
618 2205 671 2260 est
690 2188 880 2286 perfectus

196 2303 288 2368 XVI.
311 2299 428 2369 Altera
446 2301 530 2370 item
553 2325 628 2387 res,
651 2310 884 2396 propereque
911 2299 1021 2395 longo
1040 2296 1202 2393 neglecta

149 2408 292 2478 silentio
302 2420 328 2496 ¹,
343 2410 452 2479 relata
468 2435 488 2480 a
502 2409 699 2480 M.Valeri0
713 2410 856 2478 Laevino
872 2425 945 2495 est;
961 2411 1025 2505 qui
1035 2463 1044 2496 ‚
1052 2412 1204 2507 privatis

147 2515 295 2609 collutas
308 2525 497 2614 pecunias,
516 2545 554 2590 se
571 2544 615 2588 ae
630 2524 682 2589 M.
702 2517 852 2590 Claudio
867 2517 1082 2602 consulibus,
1101 2517 1206 2587 reddi

148 2627 307 2712 tandem,
333 2653 479 2724 aequum
504 2654 578 2700 esse
603 2629 710 2716 dixit3
735 2653 799 2698 nee
832 2634 958 2697 mirari
981 2650 1201 2722 quemquam

148 2733 291 2817 debere,
308 2737 504 2831 inpubliea
518 2738 677 2834 obligata
683 2740 768 2834 fide
781 2763 885 2809 suam
894 2742 1129 2834 prceeipuam
1139 2760 1201 2804 eu-

149 2867 228 2910 ram
248 2853 368 2911 esse²t
391 2871 492 2931 nam,
507 2863 756 2942 praeterquam
778 2848 879 2946 quod
896 2846 1038 2942 aliquid
1052 2849 1204 2942 proprie

150 2953 202 3019 nd
221 2952 401 3021 consulem
417 2956 493 3046 ejus
512 2963 618 3042 anni,
638 2983 710 3053 quo
731 2957 871 3028 collatae
884 2962 1054 3054 pecuniae
1071 2969 1205 3038 essent,

142 3067 352 3157 pertineret,
376 3068 484 3160 etiam
503 3090 542 3134 se
566 3082 747 3145 auctorem
773 3073 823 3136 ita
846 3064 1054 3155 conferendi
1064 3065 1205 3153 fuisse,

151 3177 251 3267 inopi
261 3177 407 3256 aeraria,
423 3197 487 3240 nee
492 3172 604 3269 plebe
620 3176 673 3244 ad
687 3177 857 3246 tributum
871 3176 1081 3271 sufficiente.
1094 3175 1204 3244 Grata

151 3339 312 3401 formulasque
327 3341 428 3385 Ruinam
446 3341 517 3387 nutu.
538 3342 609 3390 Cous.
625 3341 657 3389 ad
700 3345 773 3390 Forte
788 3342 835 3405 leg.
851 3342 938 3394 Altera
955 3341 1011 3392 item
1024 3355 1062 3386 res
1073 3337 1206 3401 proxime,

151 3419 253 3479 eap.37‚
263 3435 287 3463 u.
296 3418 319 3464 5.
329 3418 493 3475 -Enisuros,
506 3420 573 3465 omni
582 3435 656 3483 opera
700 3436 777 3483 eaque
793 3419 900 3483 longiore
914 3419 1024 3483 neglecta
1039 3415 1147 3472 silentio,
1167 3431 1205 3463 re-

151 3510 176 3538 se
186 3494 211 3538 id
223 3496 359 3542 effecturos,
700 3499 840 3545 lata...est.

185 3573 209 3620 6.
223 3573 348 3619 Neminem
361 3574 510 3622 mseriarum
523 3574 636 3622 daturum
643 3593 654 3631 ,·
734 3592 758 3622 2.
768 3578 799 3622 In
808 3575 909 3638 publiea
923 3574 1015 3642 (forsan
1024 3570 1129 3638 publice)
1148 3570 1206 3619 oeti-

151 3650 205 3696 vide
222 3665 292 3712 supra
311 3651 342 3696 ad
360 3654 433 3708 VIII,
454 3653 485 3711 5,
509 3663 561 3698 not.
572 3667 593 3699 1.
696 3665 758 3718 gata
774 3653 830 3720 sule
855 3669 925 3700 suam
945 3652 1204 3718 praeeipuamourom

185 3729 245 3776 Car.
257 3730 327 3775 XVI.
345 3745 366 3775 1.
381 3732 467 3778 Altera
483 3732 539 3778 item
556 3731 603 3795 (ol.
618 3731 655 3778 ia·-
700 3748 761 3790 esse,
777 3747 852 3778 eama
865 3748 891 3778 se
901 3734 1050 3795 potissImum
1059 3731 1151 3788 eumd,
1165 3745 1206 3775 eu-

150 3807 218 3870 dem)
233 3823 284 3861 res,
299 3823 454 3871 propereque
465 3810 536 3873 longo
547 3810 658 3874 neglecta
701 3827 750 3857 ram
765 3810 836 3870 hujus
852 3812 886 3856 rei
901 3826 914 3857 a
929 3827 955 3856 se
972 3808 1070 3872 suscipi.
1084 3834 1118 3844 -
1132 3807 1205 3871 Inopi

150 3885 257 3941 ειῚειιτιό,Ι
270 3887 344 3931 immo
359 3885 464 3949 longiori
478 3903 484 3936 :
496 3905 551 3935 narn
568 3889 598 3936 de
609 3905 654 3953 pe·
696 3889 798 3944 aerario,
820 3904 894 3950 quum
908 3889 982 3952 inops
996 3887 1080 3934 fuisset
1095 3886 1204 3934 ararium

150 3963 225 4010 cuniis
242 3963 335 4011 collatis
354 3981 372 4010 a
384 3965 487 4027 privatis
505 3967 555 4026 jam
576 3968 654 4030 agitur
698 3980 722 4015 et
738 3967 888 4015 exhaustum.
908 3969 937 4013 In
954 3965 1038 4029 inopia
1053 3965 1138 4014 aerarii'
1152 3965 1206 4028 qui-

150 4045 253 4102 xxvi,
273 4043 319 4100 36;
337 4043 367 4091 ‹le
381 4044 485 4092 coloniis
500 4047 613 4106 xxva,
629 4061 653 4107 9.
699 4045 752 4093 dam
767 4047 837 4093 MSS.
853 4072 888 4081 —
902 4046 953 4092 Nee
961 4046 1032 4108 plebe
1045 4046 1081 4093 ad
1090 4045 1203 4095 tributum
