2768 4574
219 317 283 410 aa:
380 317 1001 392 1.IB.XXV111.CAP.1.‚11..
1129 313 1198 386 335
1300 400 1314 421 κ

134 447 263 530 citum,
281 465 390 539 supra
409 445 542 512 novem
561 437 672 507 millia
691 434 901 523 hominum,
921 435 1047 507 dextra
1066 439 1202 536 punica

134 555 260 624 tenere
282 560 407 623 castra.
435 550 527 620 Haec'
541 543 781 633 stationibus,
808 543 962 652 vigitiis,
981 547 1084 651 omui
1103 548 1202 643 justa

134 664 280 743 militari
299 660 463 733 custodia
481 672 560 730 tuta
578 660 615 727 et
636 653 741 725 firma
758 678 835 726 esse
850 680 859 723 :
874 653 935 725 illa
954 651 1067 727 altera
1083 659 1203 729 soluta

135 769 391 873 neglectaque,
418 787 461 844 ut
490 755 733 861 Barbarorum
761 781 797 838 et
824 766 986 843 tironum
1011 774 1051 838 'et
1080 770 1215 849 minus*

134 889 364 974 timentium,
385 884 487 982 quod
503 884 542 952 in
555 904 620 951 sua
634 893 732 950 terra
750 892 881 949 essent.
900 883 950 948 Ea
966 879 1067 978 prius
1084 904 1204 978 aggre-

134 997 268 1068 dienda
286 1011 386 1066 ratus
410 993 573 1079 Silanus,
593 990 694 1087 signa
707 994 830 1086 quam
846 989 1001 1070 manime
1017 989 1063 1060 ad
1079 989 1202 1062 laevam

131 1106 285 1201 jubebat
306 1104 411 1193 ferri,
427 1101 595 1191 necunde
613 1097 658 1170 ab
672 1095 887 1171 stationibus
900 1099 1044 1195 punicis
1057 1102 1203 1199 conspi-
1258 1118 1259 1121 ’
1296 1125 1298 1147 .

135 1232 288 1288 ceretur.
302 1222 384 1312 Ipse
393 1269 403 1303 ,
412 1212 602 1310 praemissis
616 1207 920 1309 speculatoribus,
935 1210 1045 1282 citato
1060 1213 1203 1308 agmine

135 1327 180 1397 ad
200 1328 343 1399 hostem
359 1325 486 1424 pergit.
1044 1327 1047 1334 '
1113 1328 1115 1333 '

183 1442 228 1507 ΙΙ.
248 1439 331 1508 Tria
345 1436 456 1506 millia
469 1432 583 1505 ferme
597 1431 740 1520 aberat,
756 1455 873 1528 quum
886 1431 985 1503 haud
1001 1428 1089 1535 dum
1104 1434 1202 1530 quis·

136 1572 244 1643 quam
270 1547 430 1618 hostium
455 1558 626 1617 senserat.
655 1538 877 1640 Confragosa
899 1541 999 1613 loca¹
1025 1557 1061 1614 et
1084 1542 1203 1614 obsita

135 1659 300 1758 virgultis
316 1657 491 1730 tenebant
509 1655 643 1726 colles:
664 1650 715 1723 ibi
731 1654 771 1723 in
794 1676 880 1722 cava
905 1653 998 1725 valle
1017 1666 1127 1750 atque
1152 1651 1202 1723 ob

135 1766 173 1836 id
183 1764 328 1838 ¹occulta
348 1764 535 1836 considere
554 1762 724 1852 militem,
742 1776 777 1834 et
795 1760 919 1833 cibum
936 1787 1066 1860 capere
1085 1763 1201 1859 jubet.

136 1879 288 1949 Interim
304 1875 563 1974 speculatores,
576 1871 845 1972 transfugarum
860 1872 1203 1962 dicta¹affirmantes,
1225 1912 1229 1921 ·

135 2000 327 2056 venerunt.
350 1990 459 2073 Tum,
482 1986 628 2056 sarcinis
645 1987 685 2055 in
710 1982 873 2054 medium
891 1985 1084 2081 conjectis,
1103 2010 1203 2057 arma

136 2098 290 2166 Romani
314 2096 482 2194 capiunt,
508 2097 657 2192 acieque
680 2095 778 2190 justa
803 2095 843 2165 in
865 2120 1028 2194 pugnam
1052 2095 1202 2167 vadunt.
1240 2110 1242 2115 '

135 2205 235 2277 Mille
264 2231 436 2304 passuum
467 2206 640 2294 aberant,
668 2229 785 2302 quum
815 2203 861 2276 ab
889 2204 995 2277 hoste
1020 2208 1205 2303 conspecti

136 2315 507 2414 sunt,·trepidarique
523 2330 684 2414 repente.
697 2330 879 2413 coeptum:
901 2331 937 2387 et
954 2321 1062 2415 Mago
1083 2343 1128 2389 ex
1147 2343 1204 2389 ca·

136 2428 218 2496 stris
241 2428 351 2498 citato
372 2452 469 2525 equo
487 2427 533 2498 ad
553 2428 714 2525 primum
734 2425 928 2498 clamorem
947 2442 984 2498 et
1005 2429 1206 2503 tumultum

136 2536 336 2609 advehitur.
362 2544 474 2611 Erant
499 2552 622 2610 autem
643 2540 682 2609 in
709 2537 883 2610 celtibero
905 2541 1088 2612 exercitu²
1111 2569 1202 2639 qua·

137 2661 223 2715 tuor
244 2648 356 2718 millia
380 2650 510 2720 scutati
528 2664 564 2720 et
590 2648 740 2721 ducenti
765 2650 927 2747 equites3
952 2650 1047 2722 hanc
1066 2652 1202 2746 justam

138 2750 319 2851 legionem
341 2757 398 2850 (et
418 2757 455 2827 id
483 2756 598 2829 ferme
625 2758 769 2829 roboris
799 2763 892 2848 erat)
919 2758 957 2827 in
984 2760 1101 2854 prima
1128 2764 1205 2834 acie

137 2864 260 2934 locat:
281 2879 448 2953 caeteros,
469 2866 586 2939 levem
611 2882 850 2953 armaturam,
878 2866 917 2935 in
945 2865 1114 2940 subsidiis
1134 2895 1203 2967 po-

136 3052 187 3107 IX,
199 3040 246 3109 2⁴4,
258 3066 284 3103 n.
295 3051 467 3098 2.-Decaera
479 3058 548 3112 parte
556 3048 650 3111 punica
693 3048 799 3112 simplex
813 3059 838 3096 et
849 3049 939 3112 gentile
950 3065 997 3114 pro
1011 3052 1164 3115 possessivo,
1176 3067 1207 3105 ut

136 3140 219 3177 castra
231 3140 312 3177 tenere
321 3126 382 3194 (se),
393 3144 456 3188 esse,
467 3126 612 3185 consistere,
622 3137 650 3174 ut
693 3129 778 3184 Astur,
789 3129 906 3185 Maurus,
920 3129 1012 3186 Italus,
1022 3113 1118 3194 hino,
1132 3116 1206 3204 2920’

137 3210 189 3267 111,
199 3209 246 3268 62,
256 3219 281 3256 et
291 3209 408 3266 XXXII,
422 3206 451 3266 5,
465 3223 491 3255 ιι.
503 3221 527 3268 9.
693 3217 718 3254 st
728 3206 787 3267 alla,
797 3223 852 3270 quae
862 3209 947 3254 notavi
956 3206 988 3256 ad
999 3209 1042 3256 sit.
1052 3212 1077 3269 1,
1088 3212 1150 3261 252.
1165 3215 1205 3265 Cf.

173 3288 234 3336 Csr.
248 3286 281 3335 II.
299 3304 323 3334 1.
341 3284 494 3352 Confragosa
505 3285 561 3334 loca
576 3283 650 3350 (vido
693 3301 747 3350 sup.
757 3285 789 3332 ad
799 3287 913 3345 XXVII,
925 3294 973 3346 st,
983 3304 1011 3336 n.
1020 3303 1042 3338 ι.
1052 3317 1087 3326 -
1095 3293 1207 3353 Quaem

138 3365 170 3412 ad
177 3368 210 3425 V,
226 3367 272 3426 26,
287 3383 313 3415 n.
324 3365 352 3431 1)
370 3377 396 3414 et
410 3365 503 3421 obsita,
519 3374 566 3411 etc.
585 3362 650 3412 forte
694 3365 772 3413 millia
783 3365 874 3414 scutati
877 3383 888 3423 ,·
899 3365 955 3413 vide
968 3367 1001 3414 ad
1009 3357 1084 3429 VIII,
1096 3373 1124 3431 8,
1136 3390 1164 3423 n.
1175 3375 1205 3436 33

138 3444 186 3507 leg.
201 3445 289 3494 obsitos
302 3445 416 3512 virgultis
431 3445 546 3492 tenebant
563 3443 648 3500 colles,
694 3446 812 3504 XXVII,
827 3446 874 3503 16,
885 3461 911 3491 ιι.
922 3460 951 3503 23
960 3447 1070 3508 XXXV,
1080 3465 1127 3510 ιο,
1142 3469 1168 3500 n.
1182 3469 1205 3502 η,

138 3523 215 3571 scilic.
232 3524 315 3574 hostes
326 3540 336 3574 ·:
357 3525 426 3590 quod
441 3524 513 3572 etism
525 3523 652 3571 Dukerum
695 3523 790 3571 &utari
802 3523 852 3570 duo
865 3523 942 3580 MSS,
954 3525 1027 3588 proh.
1041 3529 1119 3577 Gron.
1133 3533 1215 3595 Scuta,

139 3603 272 3661 conjecisse
281 3605 363 3653 video.
372 3605 446 3653 Cous.
458 3603 523 3661 adl,
537 3610 581 3661 ι4,
591 3619 616 3649 ιι.
627 3609 651 3657 4.
697 3613 722 3651 et
734 3613 832 3650 scutata
844 3602 933 3666 reliqui
946 3613 971 3650 et
984 3604 1040 3654 edd.
1051 3618 1112 3656 sntt.
1123 3610 1208 3659 Scuta·

141 3680 219 3728 Obsita·
235 3682 347 3746 virgultis
362 3684 436 3732 colles
452 3683 567 3732 tenebant
584 3681 653 3746 (scil.
697 3692 777 3728 torum
790 3681 846 3729 edd.
858 3692 959 3730 recentt.
973 3698 1005 3730 ex
1018 3687 1113 3734 emend.
1124 3689 1210 3738 Sabel-

140 3760 277 3822 rcgione1n3
290 3762 363 3822 hujus
375 3773 445 3811 terrae
458 3761 545 3808 faelem
556 3760 652 3808 obtine.
696 3760 747 3809 lici.
758 3763 790 3808 Et
799 3759 848 3808 hoc
859 3771 884 3807 et
896 3771 993 3808 scutata
1006 3763 1166 3815 substitutum
1176 3769 1208 3817 ab

138 3839 228 3906 bant),
241 3843 297 3888 Put.
306 3840 374 3888 Flor.
384 3852 408 3887 et
418 3841 488 3890 Cant.
498 3841 570 3903 proh.
580 3842 653 3890 Crev.
696 3839 743 3899 iis,
760 3855 822 3902 quos
838 3838 935 3886 doctius
950 3840 1070 3904 loquendi
1085 3860 1174 3908 genus,
1193 3865 1207 3896 ιι

138 3920 233 3967 Vocem
250 3918 319 3967 collis
337 3935 350 3966 a
369 3918 501 3982 glossatore
518 3920 654 3982 profectam
696 3917 770 3965 nobis
782 3929 940 3976 revocatum,
952 3919 1100 3970 offendebat.
1110 3951 1145 3960 -—
1157 3927 1207 3975 σω.

139 4016 191 4046 csse
205 4010 230 4046 et
243 3998 370 4045 delendam
382 4006 453 4062 putat
463 3999 538 4045 Doer.
696 4008 774 4053 toros,
792 3997 865 4043 levem
881 4010 1049 4058 armaturam,
1067 4005 1123 4050 Put.
1140 4006 1205 4056 Flor.

175 4095 199 4124 ι.
211 4081 240 4124 In
250 4077 362 4126 celtibera
372 4075 489 4133 exercitu,
498 4076 652 4136 celtiberico,
696 4077 765 4124 Cant.
776 4079 836 4124 Lov.
849 4083 879 4134 4,
893 4077 923 4136 5,
942 4089 966 4126 ot
977 4079 1076 4129 Gacrtn.
1087 4082 1206 4133 Ceteram
