2768 4574
1080 302 1105 340 Λ-
1119 302 1143 341 C.
1159 303 1204 349 aod.

170 324 239 394 516
330 358 335 370 ’
590 325 629 390 Τ.
661 323 801 390 LIVII
1078 363 1103 402 n.
1120 364 1204 410 caia.

167 452 302 535 verius,
314 471 424 544 quam
438 453 593 542 pugna2,
615 442 660 513 ad
676 442 774 512 mille
790 455 826 511 et
840 441 985 514 ducenti
1004 442 1049 514 de
1068 447 1232 516 exercitu

168 558 324 629 consulis
343 552 544 626 interfecti:
564 554 600 646 in
620 566 734 622 castra
752 550 891 648 trepide
909 551 1088 641 reditum,
1105 580 1228 650 neque

166 690 376 765 oppugnare
404 680 524 734 tamen
555 688 596 734 ea
621 661 743 734 hostes
766 663 852 732 ausi.
881 666 1057 734 Caeterum
1082 665 1229 737 silentio

165 779 336 876 proximae
349 776 465 846 noctis
478 772 662 871 profectus
676 772 760 844 inde
777 773 924 861 consul,
941 774 1121 871 praemisso
1138 800 1232 845 nun-

165 890 215 958 tio
235 886 280 958 ad
296 891 333 957 P.
350 886 526 957 Licinium
546 883 822 981 proconsulem,
837 899 878 953 ut
894 907 974 954 suas
988 884 1145 980 legiones
1161 885 1227 955 ad-

165 1012 342 1085 moveret,
359 997 479 1092 copias
497 993 697 1088 conjunxit.
717 998 772 1063 lta
788 992 862 1064 duo
879 993 1007 1082 duces,
1022 993 1096 1064 duo
1121 1018 1226 1066 exer·

164 1104 274 1178 citus³
293 1106 339 1177 ad
353 1104 590 1175 Hannibalem
607 1102 816 1174 redierunt:
838 1129 905 1175 nec
918 1129 1021 1174 mora
1031 1105 1227 1177 dimicandi

163 1217 255 1289 facta
267 1232 336 1304 est,
354 1239 468 1313 quum
483 1215 623 1286 consuli
637 1213 827 1312 duplicatae
841 1217 951 1302 vires,
968 1219 1082 1285 Poeno
1095 1241 1226 1288 recens

162 1329 334 1399 victorias*
349 1327 592 1397 animoesset.
609 1330 651 1394 In
668 1327 822 1422 primam
843 1327 955 1396 aciem
969 1351 1049 1396 suas
1064 1325 1225 1422 legiones

162 1440 394 1536 Sempronius
414 1436 576 1524 induxit;
593 1439 630 1507 in
649 1435 816 1507 subsidiis
835 1437 957 1508 locatae
970 1442 1006 1508 P.
1025 1439 1151 1508 Licinii
1170 1440 1222 1511 le·

159 1553 294 1647 giones.
319 1548 455 1619 Consul
473 1549 649 1644 principio
673 1571 803 1644 pugnae
823 1547 935 1618 aedem
956 1552 1122 1619 Fortunae
1144 1551 1223 1620 Pri-

158 1661 321 1757 migeniae
331 1655 345 1701 ⁵
356 1659 455 1728 vovit
465 1713 475 1744 ,
486 1659 515 1729 si
529 1683 573 1728 eo
590 1655 648 1728 die
665 1658 788 1728 hostes
803 1655 973 1745 fudisset3
995 1683 1222 1756 composque

158 1772 236 1865 ejus
257 1771 334 1839 voti
356 1766 436 1838 fuit.
462 1769 543 1838 Fusi
569 1791 610 1837 ac
636 1766 748 1864 fugati
777 1769 901 1856 Poeni,
931 1792 1039 1865 supra
1062 1784 1223 1864 quatuor

157 1879 269 1949 millia
298 1893 517 1949 armatorum
546 1901 657 1964 caesa3
685 1878 794 1974 paulo
821 1879 941 1949 minus
969 1881 1120 1950 trecenti
1149 1882 1222 1951 vivi

157 1991 270 2085 eapti,
284 2004 320 2060 et
336 1989 422 2084 equi
437 1986 688 2084 quadraginta,
705 2003 740 2057 et
752 1987 920 2059 undecim
932 1988 1099 2059 militaria
1111 1991 1224 2087 signa·

156 2099 342 2170 Perculsus
356 2098 506 2168 adverso
523 2098 645 2194 praelio
666 2097 846 2168 Hannibal
868 2102 1065 2170 Crotonem
1080 2102 1223 2170 exerci-

156 2222 235 2278 tum
252 2208 412 2278 abduxit.
429 2207 566 2277 Eodem
581 2222 747 2305 tempore
761 2213 810 2278 M.
831 2211 1021 2280 Cornelius
1039 2212 1169 2280 consul
1183 2213 1221 2282 in

156 2318 268 2386 altera
289 2331 391 2411 parte
410 2316 517 2384 Italiae
537 2342 610 2386 non
630 2332 703 2387 tam
719 2320 845 2407 armis,
871 2344 980 2416 quam
995 2320 1222 2414 judiciorum

154 2442 313 2511 terrore,
333 2425 513 2494 Etruriam
533 2425 731 2513 continet⁶,
752 2442 864 2498 totam
883 2427 996 2500 ferme
1023 2429 1068 2500 ad
1089 2435 1222 2529 Mago·

154 2561 257 2619 nem,
275 2559 316 2606 ac
337 2559 402 2631 per
422 2559 504 2606 eum
525 2536 570 2606 ad
591 2561 693 2633 spem
713 2539 870 2608 novandi
889 2564 963 2629 res,
980 2563 1130 2610 versam.
1151 2548 1222 2613 Eas

153 2647 368 2743 quaestiones
388 2671 436 2715 ex
455 2648 766 2718 senatusconsulto
779 2650 926 2719 minime
948 2648 1137 2722 ambitiose
1156 2651 1222 2722 ha·
1255 2723 1260 2737 ,

151 2755 252 2842 buit;
274 2755 451 2850 multique
478 2754 617 2826 nobiles
642 2759 794 2846 etrusci,
816 2761 880 2854 qui
904 2774 966 2829 aut
994 2761 1061 2856 ipsi
1080 2762 1219 2850 ierant,

152 2880 213 2934 aut
227 2866 397 2934 miserant
411 2861 456 2932 ad
470 2867 661 2960 Magonem
678 2865 723 2936 de
741 2867 962 2964 populorum
976 2892 1129 2938 suorum
1151 2868 1218 2941 de-

184 3079 209 3110 a.
230 3063 341 3108 Tumultu
363 3061 445 3108 aterius
463 3079 537 3126 quam
552 3079 657 3126 pugna,·
737 3077 761 3122 4.
775 3069 889 3114 Fortuna·
901 3068 1068 3133 Primigeniae,
1083 3071 1220 3140 Πρωτογε·

149 3141 205 3188 'lde
216 3140 248 3186 ad
262 3141 338 3197 XXI,
354 3142 398 3196 16,
412 3157 437 3188 n.
449 3140 472 3188 5.
489 3167 524 3176 —-
538 3142 657 3190 Admitte
700 3145 780 3208 νείας,
790 3147 883 3202 eedem,
893 3149 920 3193 in
933 3147 997 3194 colle
1010 3147 1135 3209 Quirinali
1148 3164 1211 3214 post

148 3231 172 3268 et
182 3217 279 3265 ducenti
282 3235 292 3275 ;
305 3217 362 3264 vide
371 3218 402 3265 ad
415 3221 458 3277 tv,
476 3219 522 3281 59,
535 3235 559 3265 n.
571 3229 594 3274 I.
701 3240 728 3270 ea
746 3223 899 3284 dedicatam
921 3225 970 3272 vid.
981 3226 1103 3283 xxm,
1121 3227 1168 3283 53,
1189 3240 1217 3277 et

185 3300 208 3343 3.
224 3299 279 3343 Duo
295 3295 380 3353 duces,
395 3297 444 3343 duo
459 3297 590 3353 exercints;
601 3299 657 3345 vide
701 3304 797 3360 XLIII,
810 3305 849 3349 13.
861 3304 1033 3366 Antiquiorem
1046 3303 1072 3349 in
1084 3303 1215 3366 Capitolio

147 3376 179 3422 ad
188 3377 225 3432 x,
242 3376 285 3434 25,
295 3390 320 3420 n.
331 3389 355 3435 9.
701 3392 854 3429 exstruxerat
868 3383 966 3430 Servius
978 3381 1084 3440 Tulliua3
1102 3381 1162 3429 vide
1179 3386 1217 3433 ad

184 3461 208 3508 t,
220 3456 293 3500 Poeno
304 3467 385 3521 recem
394 3454 501 3500 victoria
511 3451 558 3518 (ln)
573 3455 655 3501 animo
700 3459 764 3510 Plut.
776 3460 807 3507 de
822 3465 889 3509 Fert.
901 3463 973 3508 Rom.
983 3477 1034 3524 cap.
1047 3475 1092 3519 17,
1103 3477 1130 3524 p.
1143 3463 1215 3525 322,

147 3545 218 3590 esset,
228 3533 270 3579 ille
278 3533 351 3592 hujus
360 3547 453 3578 mernor
461 3545 530 3579 esset.
543 3534 579 3579 Ita
589 3535 655 3596 opti-
700 3548 724 3584 et
740 3541 834 3600 Quaest.
851 3542 923 3587 Rom.
937 3539 998 3596 106,
1012 3554 1068 3604 pag.
1080 3541 1148 3598 281,
1166 3543 1214 3590 ubi

146 3620 180 3664 mi
189 3620 259 3666 MSS.
273 3618 322 3665 Sed
333 3619 413 3681 apfior
427 3629 464 3666 est
472 3619 568 3681 vulgata
579 3618 652 3666 lectio
677 3636 679 3640 ⁴
698 3616 775 3665 varias
785 3618 940 3681 cognominis
948 3617 1014 3664 illius
1025 3633 1110 3666 causas
1118 3621 1213 3670 attulit.
1310 3657 1315 3684 ,-

146 3696 240 3742 animos
250 3695 371 3761 faceret:
390 3712 469 3759 neque
486 3697 547 3744 illud
566 3696 652 3744 eodem
696 3695 857 3760 Primigenia,
871 3712 925 3759 quae
937 3698 1043 3761 primum
1051 3697 1115 3745 natis
1125 3697 1214 3748 adesse
1305 3698 1313 3713 ''

144 3789 216 3819 sensu
229 3774 326 3822 videtur
333 3775 411 3839 accipi
424 3791 504 3839 posse.
520 3776 589 3822 Idem
600 3793 653 3823 sen·
696 3773 854 3834 credebatur,
865 3776 937 3824 Crev.

145 3850 221 3898 tiebat
233 3853 306 3899 Drak.
321 3864 346 3900 at
357 3855 434 3900 Gron.
445 3854 506 3901 illud
519 3854 651 3918 elegendus
733 3853 916 3901 taurinenrem
925 3854 1206 3904 terroreEtruriamcon

145 3943 197 3976 esse
210 3929 325 3990 putabat,
342 3943 366 3978 et
382 3932 456 3978 Doer.
468 3932 561 3979 dictum
574 3933 651 3980 credit
696 3931 772 3988 tinem
789 3932 847 3979 ride
862 3932 893 3979 ad
905 3935 997 3991 nnn,
1017 3948 1049 3980 aa
1087 3950 1113 3982 n.
1130 3949 1155 3996 9.
1175 3964 1212 3973 -

145 4022 190 4074 pro
200 4021 205 4054 :
215 4006 297 4052 animo
307 4010 439 4067 sumendo,
451 4011 483 4058 nd
495 4014 600 4058 animum
612 4027 650 4058 su·
696 4011 812 4058 Novandi
823 4027 874 4068 res;
885 4010 944 4059 vide
953 4011 984 4059 ad
995 4014 1020 4071 1,
1056 4027 1070 4058 2
1080 4045 1087 4070 ‚
1102 4029 1127 4059 n.
1141 4030 1164 4060 1.
1175 4041 1210 4050 -

144 4084 266 4154 mendum.
697 4088 842 4148 Ambitiose;
852 4089 909 4137 vide
918 4089 949 4139 ad
960 4091 996 4148 II,
1013 4105 1056 4150 27,
1064 4106 1090 4138 n.
1102 4091 1127 4138 5.
