2768 4574
177 282 304 392 32:321:
346 300 438 370 Lm.
466 295 605 365 xxvi.
632 297 735 363 car.
762 295 885 362 xvrt
913 297 1061 365 xvm.
1146 293 1211 382 145

154 429 283 499 emissa
300 422 478 496 exercitus
500 431 597 506 erat,
617 416 690 510 jam
710 440 757 486 ne
777 416 820 484 iis
836 416 1000 514 quidem,
1018 442 1099 516 quae
1117 418 1217 492 ultro

155 536 251 608 dicta
264 547 384 621 erant,
399 528 575 617 stabatur,
587 528 781 623 minusque
795 550 835 596 ac
848 528 968 599 minus
978 529 1075 624 (cum
1089 531 1221 604 timore·

156 644 263 716 simul
277 642 349 712 fide
365 635 610 731 decrescente)
626 635 874 707 conveniebat.
890 643 967 707 Iam
980 637 1092 711 ferme
1109 641 1220 739 pede-

156 770 246 826 stres
261 777 387 824 omnes
402 751 512 846 copiae
526 760 712 819 evaserant
726 771 746 817 e
760 746 870 835 saltu;
885 773 999 844 quum
1012 752 1128 847 prima
1140 753 1221 825 luce

158 865 267 937 densa
285 861 419 933 nebula
433 860 563 931 saltum
580 881 727 928 omnem
744 881 963 954 camposque
978 862 1070 931 circa
1082 863 1222 934 intexit.

158 973 268 1066 Quod
286 972 351 1043 ubi
368 971 478 1042 sensit
499 964 718 1053 Hasdrubal,
741 968 852 1037 mittit
871 968 917 1038 ad
934 971 1138 1059 Neronem,
1158 972 1223 1067 qui

159 1086 197 1154 in
219 1097 405 1182 posterum
429 1079 524 1150 diem
550 1078 774 1173 colloquium
796 1075 980 1165 dilferret3
1003 1078 1107 1149 illum
1126 1078 1223 1150 diem

160 1189 366 1291 religiosum
390 1186 744 1286 Carthaginiensibus
764 1186 809 1258 ad
824 1186 1004 1284 agendum
1024 1187 1223 1286 quidquam

160 1307 215 1377 rei
234 1304 332 1374 seriae
347 1326 424 1373 esse
434 1297 468 1369 ⁶:
483 1325 531 1371 ne
548 1314 628 1370 tum
641 1297 788 1395 quidem
803 1312 967 1395 suspecta
982 1297 1089 1369 fraus.
1103 1303 1226 1389 Quum

86 1483 88 1486 Α
162 1413 244 1485 data
263 1426 355 1484 esset
373 1412 478 1482 venia
499 1409 576 1504 ejus
595 1408 683 1496 diei,
703 1406 885 1504 extemplo
903 1407 1122 1498 Hasdrubal,
1143 1435 1226 1481 cum

164 1524 327 1620 equitatu
345 1519 619 1616 elephantisque
637 1519 759 1589 castris
782 1541 961 1614 egressus,
978 1520 1055 1589 sine
1073 1518 1148 1589 ullo
1167 1534 1227 1591 tu·

162 1631 282 1702 multu
292 1632 330 1702 in
342 1644 462 1700 tutum
474 1630 595 1699 evasit.
606 1633 703 1698 Hora
712 1624 826 1696 ferme
840 1639 968 1723 quarta
979 1627 1138 1726 dispulsa
1151 1631 1226 1702 sole

164 1740 298 1816 nebula
316 1740 458 1837 aperuit
476 1737 592 1826 diem,
614 1761 800 1845 yacuaque
824 1735 982 1808 hostium
1002 1752 1116 1810 castra
1139 1765 1228 1811 con-

165 1865 362 1949 spexerunt
379 1849 546 1920 Romani.
566 1853 657 1919 Tum
675 1848 823 1919 demum
845 1846 1036 1937 Claudius,
1058 1852 1230 1947 punicam

166 1958 331 2030 fraudem
346 1981 560 2055 agnoscens,
576 1971 618 2027 ut
632 1982 668 2028 se
683 1957 769 2028 dolo
786 1972 930 2056 captum
948 1960 1075 2048 sensit,
1090 1961 1232 2058 profici·
1305 2051 1315 2056 ζ

168 2084 327 2141 scentem
348 2068 476 2139 institit
500 2067 641 2163 sequit,
667 2082 812 2169 paratus
834 2067 1026 2166 confligere
1045 2072 1118 2142 acie
1140 2073 1232 2145 :sed

166 2181 280 2251 hostis
299 2176 519 2250 detrectabat
538 2202 721 2275 pugnam3
741 2178 832 2249 levia
852 2193 973 2250 tamen
996 2181 1116 2276 praelia
1134 2183 1230 2255 inter

169 2306 370 2362 extremum
389 2290 564 2387 punicum
580 2312 709 2387 agmen
728 2295 1041 2387 praecursoresque
1057 2296 1234 2366 Romano

168 2426 251 2472 rum
269 2401 416 2482 fiebant.
1182 2389 1184 2393 ⁷

217 2487 348 2584 xvtltf
360 2518 460 2583 Inter
473 2511 548 2582 baec
561 2510 740 2607 Hispaniae
752 2511 896 2608 populi,
910 2535 978 2582 nec
992 2513 1055 2608 qui
1069 2529 1151 2609 post
1170 2516 1239 2587 cla-

172 2621 255 2692 dem
270 2637 451 2720 acceptam
467 2611 689 2710 defecerant,
711 2621 878 2692 redibant
895 2621 939 2692 ad
956 2628 1152 2713 Romanos,
1168 2653 1239 2700 nec

174 2730 238 2800 ulli
258 2732 345 2812 novi
369 2729 596 2803 deficiebant.
615 2735 660 2802 Et
680 2737 801 2802 Romae
831 2734 971 2803 senatui
999 2735 1239 2834 populoque,

175 2856 258 2938 post
273 2855 456 2938 receptam
475 2845 654 2939 Capuam,
672 2867 750 2912 non
763 2841 873 2912 Italiae
888 2842 962 2936 jam
975 2844 1110 2938 major,
1127 2872 1236 2944 quam

174 2953 370 3049 Hispaniae,
385 2964 555 3022 curaerat
570 2966 627 3022 :et
641 2952 838 3023 exercitum
848 2952 989 3048 augeri,
1003 2967 1039 3023 et
1047 2954 1237 3051 imperato-

175 3085 253 3132 rem
268 3061 363 3132 mitti
373 3058 550 3158 placebat.
565 3062 640 3131 Nec
653 3077 794 3149 tamen,
811 3071 922 3158 quern
939 3063 1141 3151 mitterent,
1156 3070 1243 3139 satis·

178 3169 365 3243 constabat
377 3181 403 3256 ¹,
423 3193 531 3266 quam
551 3169 661 3258 illud,
682 3169 747 3240 ubi
765 3170 839 3241 duo
859 3173 989 3242 summi
1004 3173 1239 3270 imperatores

178 3284 271 3352 intra
281 3282 356 3353 dies
366 3282 512 3378 triginta
521 3278 745 3364 cecidissent,
754 3283 862 3377 quiin
871 3281 993 3353 locum
1003 3281 1160 3354 duorum
1169 3312 1244 3358 sues
1270 3308 1272 3312 ·

180 3509 205 3546 et
217 3497 311 3545 imatilia
324 3507 411 3546 essent.
422 3496 513 3545 Confer
525 3497 558 3544 ad
570 3499 598 3556 1,
609 3511 652 3558 27,
662 3512 687 3544 a.
731 3497 886 3556 ad11,5,n.
898 3506 924 3556 4,
939 3509 963 3545 et
973 3499 1141 3559 xx111,7,n.
1157 3515 1239 3550 ra.-

181 3578 310 3624 5.-Jam
320 3592 350 3623 ne
359 3575 388 3624 iis
396 3575 494 3640 quidem
501 3575 691 3634 stabammvide·
734 3578 812 3639 Quum
822 3577 883 3625 data
896 3589 956 3625 esset
964 3578 1038 3625 venia
1051 3577 1102 3642 ejus
1109 3579 1175 3638 diet·
1184 3581 1241 3633 vide

181 3655 360 3712 ad111‚36.n.
378 3669 464 3702 11.-·
475 3654 555 3702 Minus
565 3654 689 3702 convenie-
733 3656 764 3704 ad
777 3658 816 3715 II,
830 3656 878 3715 35,
894 3673 920 3704 n.
935 3655 963 3716 5,
979 3667 1003 3704 et
1016 3656 1093 3715 VIII,
1108 3658 1149 3718 35,
1160 3676 1185 3708 n.
1200 3677 1240 3710 ια.

182 3736 239 3791 bat5
253 3733 309 3781 vide
321 3733 352 3780 ad
365 3737 390 3794 1,
403 3735 417 3780 3
429 3767 437 3792 ,
447 3750 473 3781 n.
486 3742 509 3790 4.
520 3761 556 3770 -
569 3734 646 3782 Mittit
655 3734 692 3782 ad
769 3751 793 3795 7.
801 3730 994 3803 Proficiscentem
1003 3735 1090 3784 institit
1095 3738 1177 3802 sequa}
1186 3741 1243 3790 vide

165 3860 167 3865 ,
182 3813 317 3869 Neronem,
331 3811 386 3876 qui,
400 3812 449 3860 boc
460 3824 509 3872 est,
522 3823 551 3861 ut
563 3810 693 3878 differre&
734 3814 765 3861 ad
776 3814 873 3872 xm,
883 3812 930 3872 26,
941 3829 966 3861 n.
979 3830 1002 3873 7.

182 3891 238 3939 vide
252 3891 283 3938 ad
291 3893 394 3950 xxm,
408 3891 454 3948 32,
467 3907 493 3938 n.
507 3907 532 3954 9.
768 3894 829 3942 Car.
840 3893 937 3939 xvnt.
950 3907 972 3940 1.
990 3893 1043 3940 Nec
1056 3904 1149 3954 tamen,
1171 3914 1245 3962 quem·

217 3971 243 4017 6.
252 3971 327 4018 Illum
334 3971 398 4018 diem
411 3969 550 4036 religiosum
561 3971 644 4019 Carth.
656 3972 694 4019 ad
735 3970 867 4028 mitterent,
879 3969 939 4025 satis
949 3973 1089 4031 constabat,
1100 3991 1189 4039 quam,
1202 3990 1244 4042 ut,

184 4049 303 4115 agendum
313 4048 449 4114 quidquam
454 4049 492 4098 rei
496 4049 564 4098 πνέω
570 4066 619 4099 esse
622 4050 690 4107 5vid.
734 4049 809 4110 sicut,
820 4047 894 4108 illud,
906 4061 967 4112 etc,
980 4051 1020 4100 vel
1030 4061 1087 4100 ante
1095 4053 1154 4103 satri
1160 4059 1246 4123 suppl.

304 4141 346 4207 V.
1040 4161 1083 4208 ιο
