2768 4574
182 287 303 394 atat
398 306 546 375 sinna
569 307 710 374 xxix.
738 306 841 375 cur.
868 307 992 374 xxn.
1135 304 1205 399 489

156 426 453 526 producerentur,
466 427 540 523 jam
549 441 757 497 senescente
771 423 938 512 invidia³,
949 422 1205 496 molliebantur

155 539 231 622 irae3
250 551 286 608 et
302 538 376 634 ipsa
390 535 595 606 deformitas
613 535 776 606 Pleminii
788 534 1033 629 memoriaque
1049 533 1206 605 absentis

156 648 331 745 Scipionis
356 645 514 717 favorem
542 645 587 715 ad
614 645 761 741 vulgum
789 642 1012 715 conciliabat.
1040 645 1206 714 Mortuus

157 774 276 827 tamen
288 757 387 853 prius
403 757 441 824 in
454 755 605 825 vinculis
615 768 667 824 est
678 756 705 841 l,
719 776 827 851 quam
841 751 1016 846 judicium
1032 750 1077 820 de
1090 776 1133 823 eo
1147 776 1208 848 po

158 867 235 963 puli
253 865 495 962 perficeretur.
525 868 631 934 Hunc
648 864 862 935 Pleminium
884 860 1031 931 Clodius
1051 861 1207 932 Licinius

156 979 194 1046 in
217 975 310 1046 libro
331 974 435 1045 tertio
452 979 585 1044 Rerum
607 996 837 1044 romanarum
855 968 980 1056 refert,
1003 966 1096 1038 ludis
1113 971 1206 1038 voti-

156 1087 227 1170 vis,
247 1109 339 1180 quos
364 1090 485 1155 Romae
511 1081 696 1154 Africanus
722 1083 852 1153 iterum
884 1078 1011 1151 consul
1037 1076 1210 1164 faciebat,

157 1210 326 1266 conatum
348 1218 413 1291 per
433 1193 630 1290 quosdam,
652 1217 744 1290 quos
762 1193 878 1289 pretio
898 1201 1125 1285 corruperat,
1146 1188 1212 1258 ali-

156 1320 246 1400 quot
273 1305 360 1375 locis
380 1303 515 1376 Urbem
538 1303 750 1388 incendere,
779 1317 820 1372 ut
845 1299 1031 1396 frangendi
1059 1299 1211 1368 carceris

156 1414 387 1512 fugiendique
404 1414 553 1485 baberet
570 1415 811 1500 occasionem3
828 1408 1005 1509 patefacto
1025 1408 1107 1479 dein
1133 1431 1208 1477 sce·

156 1524 247 1610 lere,
276 1522 478 1619 delegatum
498 1525 535 1592 in
553 1517 783 1592 Tullianum⁵
811 1546 855 1591 ex
885 1515 1207 1590 senatusconsulto.

156 1640 211 1706 De
232 1635 398 1730 Scipione
428 1658 623 1730 nusquam,
649 1632 717 1702 nisi
741 1633 779 1700 in
805 1645 952 1714 senatu,
978 1641 1097 1698 actum
1116 1652 1124 1694 ε
1145 1625 1210 1695 u-bi

157 1767 282 1813 omnes
300 1742 477 1838 legatique
492 1756 526 1812 et
544 1740 704 1827 tribuni,
720 1741 866 1811 classem
881 1762 975 1825 eam,
995 1737 1209 1818 exereitum,

157 1851 359 1946 ducemque
377 1850 496 1921 verbis
519 1850 746 1935 extollentes,
766 1847 981 1931 effecerunt,
1000 1860 1042 1916 ut
1067 1859 1211 1916 senatus

158 1973 337 2044 censeret,
353 1961 469 2056 primo
482 1984 629 2056 quoque
643 1975 806 2057 tempore
818 1960 856 2027 in
873 1955 1023 2028 Africam
1038 1957 1213 2050 trajicien-

158 2069 262 2156 dum,
283 2070 512 2165 Scipionique
541 2070 827 2166 permitteretur,
853 2084 896 2138 ut
916 2092 961 2138 ex
983 2067 1026 2136 iis
1048 2066 1212 2136 exerciti·

159 2173 243 2261 bus,
255 2177 319 2272 qui
331 2177 367 2245 in
383 2175 499 2247 Sicilia
511 2191 647 2262 essent,
659 2179 734 2275 ipse
748 2178 898 2274 legeret,
910 2201 1002 2273 quos
1011 2178 1048 2244 in
1059 2173 1212 2246 Africam

158 2311 278 2357 secum
293 2287 485 2381 trajiceret,
497 2313 589 2384 quos
602 2288 792 2385 provinciae
804 2287 1023 2383 relinqueret
1033 2283 1211 2384 prasidio.

158 2536 238 2589 putat,
252 2526 371 2591 inprimis
384 2529 461 2575 factos
473 2526 522 2574 dici
533 2543 617 2575 omnes
627 2528 663 2575 in·
705 2525 738 2573 ad
746 2528 791 2583 vt,
805 2533 850 2582 ta,
861 2542 886 2572 n.
896 2531 925 2584 43
937 2524 988 2573 Cic.
998 2525 1054 2586 Leg.
1062 2524 1087 2579 Ι,
1100 2535 1129 2577 a;
1138 2521 1212 2568 Voss.

158 2615 195 2652 ter
206 2606 312 2668 primum
322 2618 347 2654 et
358 2617 533 2670 postremum.»
545 2607 609 2655 Duk.
707 2603 737 2651 de
753 2604 817 2651 ttiu.
835 2604 877 2650 lat.
891 2607 916 2659 1,
930 2605 958 2661 83
972 2603 1058 2647 Wasse
1071 2600 1104 2646 ad
1119 2602 1212 2661 Fragm.

194 2683 217 2729 3.
231 2685 288 2729 lam
300 2695 435 2730 senescente
447 2684 553 2740 invidia‚·
566 2683 663 2731 vidend
707 2683 771 2730 Hist.
784 2693 849 2744 post.
862 2681 959 2728 Sallust.
970 2693 1026 2742 pag.
1037 2677 1101 2734 2353
1118 2678 1211 2723 Anton.

159 2759 184 2816 1,
196 2774 243 2816 aa,
255 2775 281 2805 n.
292 2760 316 2806 ³.
329 2786 363 2795 —
379 2759 526 2824 Deformitas
537 2761 662 2815 Plemini&
707 2759 840 2821 Augustin.
853 2758 885 2804 nd
900 2761 993 2818 Fragm.
1009 2765 1058 2802 ret.
1074 2753 1163 2816 ltin),
1178 2770 1213 2799 ro-

160 2836 272 2899 sidi-ap.
283 2851 308 2897 9.
326 2862 360 2873 --
378 2838 545 2901 isemeriaqne
558 2849 582 2885 et
594 2838 663 2884 favor
698 2835 760 2900 sort,
769 2836 912 2882 Pleminium
923 2831 1213 2895 tudiswrioisquosns

159 2915 263 2963 absentis
276 2914 404 2978 Scr'prionis,
424 2915 494 2975 cujus
510 2916 588 2962 fuerat
599 2914 663 2978 lega-
706 2930 752 2961 Μ
762 2915 845 2977 Scipio
853 2912 983 2977 Asticanus
993 2913 1078 2960 iterum
1086 2912 1171 2958 consid
1171 2909 1215 2975 fa

159 3006 210 3051 mu,
224 3005 248 3040 et
259 3010 273 3040 a
286 3009 335 3056 quo
349 3009 415 3041 noxa
425 3003 477 3040 erat
487 2993 611 3040 liberatus.
629 3019 664 3028 -
706 2991 1044 3046 ciebat...senatusconsulto;
1054 2991 1085 3037 cf.
1092 2990 1213 3045 xxxltt,

159 3075 276 3120 savorem
288 3073 326 3119 ad
333 3072 433 3136 vulfflvn
446 3087 467 3117 c.
480 3071 538 3120 vide
550 3088 623 3135 supra
632 3071 664 3118 ad
708 3078 742 3126 44
756 3082 817 3118 extr.
829 3071 871 3118 ubi
882 3072 978 3118 Livium
990 3069 1088 3127 eadem,
1099 3080 1213 3130 tanquam

160 3151 257 3208 XXIII,
273 3158 367 3209 4‚n.1.
709 3150 811 3198 oblitum
833 3165 931 3207 eorum,
950 3166 1006 3214 qum
1028 3148 1054 3195 h.
1074 3149 1090 3196 l.
1110 3147 1213 3205 dixerit,

195 3236 219 3283 4.
227 3231 337 3276 Mortuus
347 3238 407 3275 tam.
415 3225 483 3290 prius
491 3228 604 3284 uruat,
618 3239 664 3275 etc.
708 3227 799 3292 ubsque
807 3239 908 3276 auctore
920 3229 1036 3292 prodere,
1046 3228 1096 3288 jam
1108 3225 1215 3273 animad-

158 3305 225 3359 κατὰ
239 3307 344 3377 φυλακὴν
359 3308 501 3360 τελευτῆσαι
515 3309 575 3356 dicit
589 3310 664 3358 Diod.
709 3307 783 3356 vertit
795 3308 860 3355 Glar.
877 3309 950 3357 Goni.
963 3308 1038 3355 Petis.
1057 3307 1139 3354 Anim.
1155 3304 1218 3357 bist.

159 3388 219 3435 Exc.
235 3388 338 3435 Peirese.
351 3401 407 3451 pag.
421 3387 485 3445 2863
503 3397 528 3434 et
544 3385 664 3433 teterrimo
708 3402 733 3435 c.
749 3389 779 3444 8,
793 3404 819 3451 p.
834 3388 892 3441 348.

156 3463 664 3528 generemordicomumpturest,Val.Max.
744 3466 768 3513 5.
796 3467 937 3530 Delegatum
964 3463 989 3511 ia
1013 3462 1163 3519 stallium,
1187 3474 1215 3510 ut

159 3543 187 3596 1,
198 3556 277 3600 ¹521,
288 3544 330 3591 ubi
339 3543 437 3607 quidam
451 3543 524 3591 codd.
532 3558 579 3607 pro
588 3543 667 3590 morbi
708 3544 830 3601 XXXIV,
841 3551 873 3600 44
886 3554 948 3591 extr.
961 3554 985 3591 et
995 3542 1093 3591 Sallust.
1104 3544 1157 3591 Cat.
1168 3542 1212 3602 59,

159 3619 251 3668 babent
271 3621 371 3678 rnortt's,
394 3622 463 3686 quod
486 3634 567 3670 tamen
588 3622 665 3670 verbo
709 3622 740 3670 de
753 3622 927 3671 eademrctin
940 3620 1078 3686 inferiorem
1087 3619 1215 3671 demissum

158 3710 310 3761 consumptus
317 3700 439 3748 estminus
448 3701 587 3760 convenire,
593 3716 666 3763 quam
709 3717 847 3758 carcerem,-
859 3700 916 3748 vide
926 3699 990 3757 adl,
1001 3700 1046 3757 33,
1055 3715 1080 3747 n.
1090 3698 1214 3745 11.Verbo

159 3776 294 3823 narrationi
304 3776 387 3825 Clodii
399 3779 592 3837 LiebriI,monct
600 3779 665 3827 nuk.
710 3779 846 3843 delegatum
871 3779 933 3826 forte
952 3795 1011 3826 usus
1029 3778 1076 3825 fnit
1097 3777 1216 3835 Clodius;

159 3852 190 3900 ad
201 3855 324 3910 xxm,
338 3861 379 3910 44·
397 3883 431 3892 -
450 3857 546 3905 Clodius
558 3857 664 3905 Licinius
708 3858 799 3905 Duker.
811 3885 846 3896 ·-
859 3860 888 3905 ln
902 3873 958 3904 cum
969 3872 1088 3905 carcerem
1103 3856 1214 3905 demitte·

160 3931 233 3993 (iorte
247 3931 343 3981 Licinus
358 3933 405 3995 leg.
422 3951 476 3983 cum
492 3937 568 3984 Paria.
581 3936 663 3984 enim.
708 3935 795 3984 bantur
814 3947 909 3994 sontes,
921 3936 1011 3999 quibus
1025 3945 1110 3999 guttur
1127 3935 1216 3998 laqueo

159 4009 217 4059 hist.
230 4026 283 4075 cap.
299 4013 327 4070 8,
340 4028 365 4075 p.
379 4012 456 4076 349),
470 4014 600 4069 historicus
614 4016 663 4080 (ci.
709 4015 867 4077 frangendum
877 4013 1086 4067 sussultans„
1096 4014 1215 4062 vocabant
