2768 4574
186 337 226 406 18
586 335 625 400 T.
661 333 798 400 LIVII
1095 320 1156 420 ῢζξζ
1169 329 1215 427 222}

179 486 197 521 «
206 456 269 550 eui
283 468 365 552 post
381 453 500 550 fugam
513 451 559 522 ab
573 452 706 522 Cannis
722 474 788 548 per
803 475 928 524 omnes
941 477 1057 525 annos
1072 479 1242 555 proroga·

178 595 194 631 «
208 580 286 636 tum
301 564 502 660 imperium.
513 564 669 633 Ceteros
682 562 768 632 item
779 586 823 632 ex
836 563 998 660 reliquiis
1008 564 1138 636 eladis6
1151 570 1240 662 ejus,

177 706 193 740 «
207 698 301 772 quos
315 671 481 744 tribunos
494 670 649 741 militum
662 669 876 760 habuimus,
895 671 1053 745 honores
1068 691 1192 774 petere
1204 692 1241 748 et

176 809 349 882 «gerere,
372 783 628 879 etprovincias
649 779 816 853 obtinere
834 781 1044 865 audivimus.
1062 789 1119 856 An
1131 787 1239 859 robis

175 896 404 990 «vestrisque
418 891 539 963 liberis
554 892 738 988 ignoscitis
755 889 875 976 facile,
891 896 1012 964 Patres
1027 886 1237 995 conscripti,

175 1038 191 1073 «
204 1008 243 1076 in
264 1004 339 1074 haee
357 1003 440 1073 vilia
462 1003 579 1099 capita
599 1001 774 1096 saevitis7?
788 1016 824 1072 et
839 1003 981 1072 consuli
1000 1005 1237 1101 primoribus-

172 1145 189 1180 «
204 1139 275 1212 que
292 1113 369 1184 aliis
385 1113 538 1183 civitatis
550 1108 691 1207 lugere,
707 1135 821 1207 quum
836 1134 918 1208 spes
932 1113 998 1183 alia
1012 1115 1111 1185 nulla
1126 1133 1236 1206 esset,

172 1240 310 1322 «turpe
333 1247 409 1293 non
428 1219 519 1308 fuit3
541 1221 673 1292 milites
696 1221 824 1317 utique
846 1223 1042 1295 morituros
1063 1226 1102 1295 in
1122 1229 1236 1298 aciem

171 1366 188 1400 «
201 1335 370 1406 misistis?
385 1330 439 1402 Ad
456 1331 583 1402 Alliam
603 1354 719 1428 prope
735 1332 853 1402 omnis
871 1335 1048 1406 exercitus
1062 1333 1172 1433 fugit:
1190 1338 1236 1409 ad

169 1475 186 1511 «
200 1443 369 1516 Furculas
393 1440 591 1529 Caudinas,
610 1465 657 1513 ne
675 1455 847 1538 expertus
867 1441 1015 1538 quidem
1032 1458 1233 1535 certamen,

169 1580 297 1625 «arma
315 1551 462 1624 tradidit
481 1551 593 1640 hosti,
610 1563 650 1620 nt
664 1550 749 1620 alias
767 1550 954 1648 pudendas
970 1550 1088 1623 clades
1102 1557 1234 1626 exerci-

169 1697 185 1732 «
199 1679 305 1736 tuum
327 1677 465 1734 taceam
483 1674 632 1732 :tamen
654 1673 808 1740 tantum.
821 1658 937 1731 abfuit
952 1659 1000 1731 ab
1022 1687 1085 1752 eo,
1101 1676 1142 1733 ut
1160 1664 1234 1735 ulla

147 1774 396 1874 «ignominia
422 1772 464 1842 iis
489 1769 704 1843 exercitibus
733 1785 955 1866 quaereretur
967 1769 994 1860 ⁸,
1019 1787 1060 1845 ut
1084 1787 1120 1844 et
1145 1773 1232 1845 urbs

167 1891 311 1956 «Roma
326 1907 488 1980 pereum
507 1882 723 1970 exercitum,
744 1882 809 1977 qui
825 1880 871 1953 ab
884 1881 975 1953 Allia
990 1885 1098 1954 Veios
1114 1899 1232 1970 trans-

168 2025 184 2060 «
197 1993 347 2092 fugerat,
359 2006 651 2090 recuperaretur,
662 2005 698 2063 et
708 1991 869 2063 caudinae
878 1992 1053 2090 legiones,
1065 2019 1144 2091 quae
1154 1985 1234 2067 aine

164 2131 181 2169 «
196 2105 303 2176 armis
327 2102 508 2175 redierant
528 2107 706 2191 Romam,
726 2117 868 2173 armate
889 2105 1044 2183 remissae
1070 2106 1107 2174 in
1131 2109 1230 2177 Sam-

166 2217 317 2304 «nium,
337 2213 506 2286 eumdem
526 2213 628 2303 illum
650 2212 792 2284 hostem
816 2212 884 2283 sub
901 2214 1029 2310 jugum
1048 2216 1229 2303 miserint,
1259 2282 1262 2284 ,

165 2355 182 2391 «
197 2327 261 2422 qui
285 2326 352 2396 hac
373 2349 436 2397 sua
462 2324 658 2421 ignominia
688 2322 828 2393 laetatus
853 2320 980 2393 fuerat.
1003 2327 1229 2394 Cannensem

165 2465 183 2500 «
195 2460 282 2507 vero
300 2436 494 2533 quisquam
515 2434 714 2504 exercitum
729 2431 822 2527 fugae
843 2447 904 2501 aut
922 2433 1062 2527 pavoris
1079 2433 1229 2508 insimu-

164 2545 267 2616 «lare
282 2558 421 2643 potest,
440 2543 504 2615 ubi
523 2543 606 2642 plus
624 2541 891 2639 quinquaginta
908 2540 1019 2610 millia
1037 2540 1229 2611 hominum

165 2684 182 2719 κ
196 2655 428 2726 ceciderunt?
444 2654 543 2726 unde
562 2652 689 2724 consul
708 2676 790 2723 cum
803 2649 987 2747 equitibus
1004 2653 1229 2747 septuaginta

164 2795 181 2850 «
195 2762 304 2861 fugit?
315 2764 416 2849 unde
430 2789 539 2834 nemo
553 2776 736 2859 superest,
753 2763 822 2833 nisi
840 2785 955 2857 quem
965 2761 1078 2847 hostis
1097 2763 1228 2833 caeden·

164 2901 180 2938 «
195 2873 243 2943 do
256 2871 369 2944 fessus
384 2873 550 2969 reliquit?
560 2874 683 2960 Quum
698 2871 847 2968 captivis
860 2871 1062 2968 redemptio
1077 2872 1227 2970 negaba-

798 2986 813 3019 l

163 3061 220 3110 vide
230 3061 263 3108 ad
274 3060 364 3118 xmt,
378 3062 420 3108 61.
428 3086 464 3098 «-
473 3063 532 3114 Post
536 3060 628 3126 fingam
641 3060 672 3107 ab
717 3075 800 3116 nores,
820 3061 856 3107 sic
875 3060 1033 3125 ignominiam
1050 3076 1158 3124 quaerere
1177 3061 1227 3108 diei

166 3140 256 3190 cannis
269 3155 300 3187 ex
313 3138 408 3186 emend.
422 3139 533 3187 Gronov.
546 3139 588 3202 qni
600 3139 673 3186 etiam
716 3148 806 3200 potest.
825 3140 885 3186 Haee
901 3150 966 3187 recte
983 3139 1097 3202 Sigonim
1113 3153 1125 3187 :1
1138 3150 1162 3187 et
1177 3139 1225 3188 hoo

163 3218 226 3267 bene
246 3219 311 3278 conj.
331 3216 367 3264 ad
386 3216 491 3263 Cannas.
507 3218 537 3262 In
553 3217 598 3263 MS
616 3220 672 3265 Pnt.
716 3217 818 3269 verbum
840 3233 870 3265 eo
890 3219 1097 3266 accommodatius
1116 3220 1151 3266 rei
1175 3230 1225 3276 est,

164 3296 277 3345 actamnis
284 3293 401 3353 ,in'aliis
414 3305 439 3341 et
456 3293 512 3341 edd.
525 3305 581 3342 ante
594 3295 670 3343 Gron.
715 3295 785 3357 qnod
809 3312 885 3359 genus
907 3297 1059 3360 ignominie.
1076 3312 1123 3360 qua
1146 3299 1226 3345 notati

164 3387 247 3423 aetam
257 3373 306 3421 nisi
317 3384 341 3420 et
354 3383 437 3419 actam
450 3372 488 3418 sit.
714 3386 771 3422 sunt
784 3391 917 3422 cannenses
928 3375 969 3433 isti
982 3375 1084 3435 milites,
1096 3392 1188 3423 novum
1201 3387 1226 3424 et

121 3451 124 3453 “
199 3454 224 3501 6.
240 3450 322 3500 Cladis
334 3449 400 3514 ejns,·
410 3449 460 3497 vid.
472 3451 518 3508 IV,
530 3465 573 3512 27,
585 3468 610 3499 n.
623 3468 645 3500 1.
713 3468 839 3515 nunquam
849 3464 919 3500 antea
930 3465 1072 3518 usurpatum
1083 3467 1126 3503 est.
1137 3456 1181 3503 En.
1189 3482 1224 3490 —

199 3533 267 3592 7.<ln
283 3529 335 3576 licre
350 3527 414 3576 vilia
428 3528 513 3591 capita
524 3529 631 3578 scenicis?
640 3536 670 3580 In
716 3531 833 3578 Caudinoe
845 3532 961 3596 legiones,
978 3543 1040 3590 etc.,;
1054 3533 1111 3580 vide
1126 3533 1157 3579 ad
1173 3535 1223 3592 IX,

161 3610 262 3676 optimis
278 3608 341 3655 MSS
358 3607 451 3654 seviret
470 3607 562 3654 consuli
578 3625 586 3654 :
605 3610 669 3657 unde
717 3624 760 3666 10,
774 3625 799 3656 n.
814 3610 838 3656 5.
850 3637 885 3646 -
901 3609 948 3657 Ubi
954 3611 1012 3674 plns
1024 3613 1043 3657 L
1056 3611 1134 3658 millia
1147 3610 1223 3658 homi·

160 3689 234 3738 saevtr
247 3699 272 3734 et
284 3685 378 3733 consuli
390 3685 458 3734 dedit
471 3687 548 3732 Gron.
713 3687 875 3753 nuni....fugit
882 3707 893 3746 ;
905 3690 962 3736 vide
975 3689 1006 3736 ad
1018 3690 1108 3746 ult,
1122 3697 1167 3750 49,
1179 3689 1224 3736 ibi·

173 3790 175 3795 ·
197 3770 220 3816 8.
233 3765 373 3831 Ignominia
391 3758 534 3813 cientibus
552 3782 670 3828 quoerere-
714 3782 762 3828 que
778 3783 802 3814 n.
821 3769 876 3814 Set
889 3784 913 3830 9.
931 3769 999 3816 -J.
1015 3767 1157 3815 Perizonius
1165 3769 1224 3831 plus

159 3859 213 3906 tum
225 3847 281 3893 vide
300 3843 331 3891 ad
344 3845 382 3902 113
397 3846 443 3903 43,
455 3862 480 3893 n.
492 3861 514 3904 7.
530 3847 671 3894 Inurerecur
714 3845 880 3910 quadraginta
894 3846 926 3893 ad
940 3845 1072 3909 marginem
1085 3847 1149 3893 Livii
1158 3863 1223 3903 con·

158 3926 223 3986 conj.
234 3921 312 3972 Valla.
329 3923 418 3970 Melius
438 3941 463 3970 se
482 3923 556 3970 habet
572 3926 668 3988 vulgata
709 3923 783 3983 jecit,
793 3925 849 3987 quie
858 3925 941 3971 Lirim
950 3925 985 3972 ita
995 3925 1044 3973 lere
1053 3926 1110 3973 loco
1120 3927 1162 3973 cit.
1174 3926 1222 3972 Sed

156 4003 249 4064 lectio;
272 4019 328 4050 nam
353 4003 557 4064 quemadmodum
582 4005 668 4053 Cicero
712 4003 738 4048 in
748 4003 899 4051 orationibus
910 4019 975 4068 saepe
986 4021 1100 4054 numerus
1113 4016 1221 4069 augetur,

155 4074 292 4142 (Phittx,
303 4081 328 4148 ι)
342 4080 406 4129 dixit
416 4098 525 4145 querere
539 4083 615 4133 alieni
626 4084 669 4133 ho·
714 4083 752 4129 rel
763 4081 890 4132 minuitur.
901 4084 947 4132 En.
