2768 4574
169 314 238 397 384
587 319 624 383 r.
658 319 795 386 nrvu
1075 302 1212 408 atat:

72 502 75 507 -
164 465 290 545 tesque
303 445 512 518 edebantur.
524 447 666 517 Foedior
675 449 741 518 alia
752 449 790 517 in
802 447 893 517 urbe
906 445 1126 518 trucidatio²
1142 463 1236 536 erat,

167 584 282 657 quum
313 556 456 628 turbam
488 557 702 628 feminarum
733 582 1003 654 puerorumque
1034 556 1236 630 imbellem
1306 642 1310 647 ,

166 672 413 764 inermemque
429 669 523 738 cives
537 670 592 738 sui
606 669 812 756 caederent,
824 683 859 739 et
875 669 913 737 in
931 691 1155 739 succensum
1170 694 1235 740 ro·

165 804 250 877 gum
266 779 472 850 semianima
488 777 660 874 pleraque
678 778 867 872 injicerent
886 801 1060 874 corpora,
1081 779 1236 877 rivique

165 888 345 985 sanguinis
358 885 537 956 flammam
549 889 726 957 orientem
735 887 1001 984 'restinguerent
1014 913 1022 955 :
1035 904 1236 983 postremo

165 1002 250 1097 ipsi,
273 996 367 1068 caede
383 996 582 1068 miseranda
597 1021 745 1067 suorum
761 995 915 1094 fatigati,
928 1020 1012 1067 cum
1026 999 1236 1068 armisme-

167 1109 227 1179 dio
242 1133 279 1178 se
292 1106 461 1177 incendio
474 1108 684 1201 injecerunt.
695 1113 771 1176 Jam
789 1106 875 1178 caedi
890 1120 1107 1204 perpetratae
1122 1108 1239 1179 victo·

96 1262 100 1275 ·
166 1244 223 1290 res
244 1217 394 1287 Romani
417 1231 704 1313 supervenerunt
720 1245 727 1284 ε
746 1241 786 1286 ac
804 1217 921 1312 primo
939 1228 1143 1311 conspectu
1156 1230 1237 1285 tam

71 1408 72 1413 ἵ
167 1327 269 1399 foedae
294 1328 347 1397 rei
371 1325 575 1396 mirabundi
602 1349 796 1422 parumper
823 1324 1107 1420 obstupuerunt.
1134 1324 1235 1394 Dein

167 1461 280 1534 quum
302 1460 428 1505 aurum
449 1450 731 1532 argentumque,
755 1435 902 1505 cumulo
926 1458 1049 1505 rerum
1074 1434 1234 1504 aliarmn

167 1545 416 1642 interfulgens,
434 1546 597 1615 aviditate
612 1545 747 1642 ingenii
761 1544 930 1630 humani,
945 1567 1072 1640 rapere
1083 1569 1129 1615 ex
1144 1545 1234 1641 igne

168 1657 320 1741 vellent,
336 1656 492 1752 correpti
508 1655 567 1724 alii
580 1653 722 1723 flamma
737 1669 837 1739 sunt,
853 1652 911 1723 alii
928 1650 1086 1723 ambusti
1102 1650 1235 1724 afflatu

166 1762 331 1863 vaporis³
360 1793 367 1834 ε
399 1790 513 1861 quum
542 1778 708 1860 receptus
737 1763 880 1859 primis,
905 1776 1057 1859 urgente
1088 1764 1236 1858 ingenti

167 1875 291 1961 turba,
302 1900 379 1944 non
392 1889 493 1944 esset.
505 1879 557 1943 Ita
570 1878 718 1969 Astapa,
731 1874 808 1942 sine
817 1871 935 1968 praeda
944 1872 1116 1959 militum,
1130 1869 1234 1944 ferro

168 1984 314 2078 ignique
335 1980 526 2075 absumpta
546 1996 610 2050 est.
629 1982 800 2073 Marcius,
819 1981 952 2051 caeteris
971 1981 1047 2079 ejus
1065 1982 1236 2081 regionis

168 2106 267 2161 metu
291 2093 330 2161 in
353 2089 574 2160 deditionem
600 2091 793 2187 acceptist,
820 2092 993 2161 victorem
1025 2091 1235 2161 exercitum

168 2198 419 2297 Carthaginem
435 2198 479 2267 ad
494 2200 695 2295 Scipionem
711 2199 861 2270 reduxit.
879 2206 945 2271 Per
960 2224 1022 2270 eos
1036 2200 1137 2296 ipsos
1153 2199 1235 2272 dies

168 2308 325 2408 perfugae
341 2334 361 2377 a
375 2307 535 2378 Gadibus
553 2324 749 2397 venerunt,
769 2310 996 2405 pollicentes,
1015 2305 1150 2378 urbem
1164 2334 1237 2406 pu·

165 2421 365 2513 ¹nicumque
386 2416 608 2514 praesidium,
626 2417 725 2512 quod
746 2419 783 2486 in
801 2443 842 2488 ea
860 2416 949 2488 urbe
971 2433 1082 2505 esset,
1108 2432 1147 2488 et
1164 2421 1235 2489 im-

169 2544 372 2625 peratorem
389 2527 542 2624 praesidii
558 2550 640 2595 cum
658 2527 767 2598 classe
784 2528 990 2623 prodituros
1011 2550 1100 2597 esse.
1120 2531 1235 2626 Mago

171 2639 221 2709 ibi
238 2663 281 2708 ex
299 2635 382 2731 fuga
402 2635 627 2723 substiterat,
652 2636 877 2734 navibusque
896 2640 933 2706 in
953 2641 1099 2706 Oceano
1118 2638 1236 2710 colle·

169 2750 250 2832 ctis,
270 2747 493 2841 aliquantum
513 2745 727 2814 auxiliorum
748 2761 784 2815 et
800 2760 898 2816 trans
915 2743 1046 2816 fretum
1060 2770 1106 2815 ex
1119 2738 1237 2819 africa

170 2883 234 2929 ora
243 2855 270 2943 ⁵,
293 2871 328 2927 et
352 2881 396 2927 ex
414 2856 586 2951 proximis
608 2855 784 2950 Hispaniae
812 2856 900 2926 locis
926 2880 991 2951 per
1009 2859 1237 2928 Hannonem

170 3039 206 3074 tos
225 3024 299 3072 verba
316 3033 440 3085 suspecta,
454 3022 569 3084 quoniam
588 3021 676 3067 absunt
720 3033 800 3069 essent
820 3023 893 3070 verba
909 3023 966 3078 illa,
981 3039 996 3068 a
1013 3021 1139 3085 plerisque
1158 3024 1237 3071 codd.

170 3105 200 3151 ab
218 3102 317 3166 optimis
332 3102 406 3158 MSS,
420 3099 463 3161 qui
483 3100 554 3144 etiem
563 3114 675 3163 pugnan-
720 3101 866 3158 exsultantia,
884 3117 958 3164 quum
968 3110 992 3147 et
1003 3110 1120 3162 augerent
1132 3114 1238 3151 senten·

170 3196 247 3246 tuque
255 3181 293 3227 vel
297 3189 482 3243 pugnantesque
490 3176 588 3224 habent
596 3177 676 3224 Solam
720 3178 792 3237 tiam,
817 3194 862 3226 nec
886 3178 1017 3242 quidquam
1036 3177 1167 3242 peregrini
1194 3192 1239 3229 aut

170 3260 314 3326 particulam
333 3255 423 3320 quein
441 3270 512 3301 causa
531 3255 618 3311 fuisse,
633 3269 676 3300 cur
719 3272 817 3320 pmgms
829 3257 975 3305 redolerent

170 3334 466 3387 totverbainfulcirentur
471 3333 674 3396 ‚putabatGrou
755 3351 779 3380 2
784 3309 1183 3394 Fadioraliainurtetrueidan'o,
1189 3348 1239 3386 ete.

170 3429 194 3466 et
205 3418 269 3481 conj,
280 3411 481 3461 dimicantiumin
489 3422 626 3474 pugnantes
637 3411 676 3456 vel
719 3412 896 3473 videactxxl,
907 3422 947 3472 14,
954 3430 978 3460 n.
988 3429 1009 3470 ι,
1015 3412 1112 3459 ιῑοοιιῐ,
1120 3413 1238 3480 Appiam.

168 3505 351 3560 pugnantesque
365 3490 497 3537 edebantur
508 3487 551 3552 (h.
561 3505 582 3536 e.
598 3489 629 3535 ab
641 3488 676 3534 di-
721 3493 791 3554 Hisp.
807 3494 847 3540 33.

172 3565 675 3631 micantibusetinpugnantes),veldimi-
757 3573 779 3617 3.
796 3571 903 3634 Correpti
918 3569 964 3618 atti
970 3569 1080 3637 flamma
1097 3583 1175 3628 sunt,
1192 3574 1240 3622 alii

172 3653 370 3713 cantiumpugna
381 3645 674 3710 visqueedebat.Malim:
720 3649 825 3696 ambusti
846 3648 935 3716 afflatu
952 3647 1072 3711 vaporis,·
1089 3648 1122 3696 ef.
1144 3652 1240 3716 Polyb.

172 3733 252 3795 Atque
261 3729 313 3776 brec
325 3739 394 3776 tanta
401 3725 504 3773 bostium
517 3724 635 3771 iratorum
645 3742 676 3771 ac
719 3727 769 3784 XI,
778 3735 823 3784 24,
837 3743 875 3773 11.

173 3822 222 3856 tum
234 3806 341 3855 maxime
356 3803 522 3853 dimicantium
535 3819 612 3865 poena
630 3819 676 3849 cce·
757 3813 781 3859 4.
795 3808 824 3851 1η
834 3805 978 3853 deditionem
991 3804 1115 3869 παρείη
1133 3808 1241 3858 νωμᾶ

173 3889 261 3951 desque
271 3887 417 3939 edebantur,
429 3895 453 3930 et
463 3898 521 3929 mox
532 3898 587 3929 cum
598 3880 676 3928 Rhen.
721 3884 795 3943 VIII,
806 3899 848 3942 ιο,
858 3900 882 3930 ιι.
896 3900 919 3942 7.

173 3983 198 4013 se
217 3964 328 4012 irtcendio
347 3963 477 4026 injicerent.
496 3962 586 4009 Contra
607 3960 676 4007 Grev.
758 3962 782 4008 5.
797 3965 873 4008 Trans
878 3961 971 4026 fretum
979 3961 1131 4011 Gaditanum
1147 3980 1185 4014 ex
1194 3983 1243 4015 ora

174 4059 226 4092 non
239 4041 379 4097 dubitabat,
393 4040 475 4102 quina
488 4040 557 4087 Livio
570 4038 677 4102 profecta
723 4039 817 4104 africa,
829 4040 941 4088 africana.
