2768 4574
183 330 303 436 tata:
352 350 454 425 unt„
471 347 652 416 xxvnt.
679 349 783 416 oar.
809 350 888 415 xv.
915 352 1015 418 xvi.
1140 351 1209 450 369

155 484 246 559 stra,
263 470 354 542 saxis
369 468 531 565 undique
553 469 645 539 circa
662 493 706 538 ex
721 469 936 564 propinquis
949 470 1101 543 vallibus
1119 500 1208 547 con-

157 584 264 680 gestis
288 594 419 679 augent
444 578 597 667 vallum,
625 579 853 648 munimento
879 602 974 664 sese,
1004 583 1149 676 quando
1171 587 1211 665 in

157 693 264 763 armis
288 715 416 788 parum
436 687 589 791 praesidii
611 685 721 773 foret,
744 684 945 773 defensuri,
967 689 1029 759 sed
1048 695 1210 766 transitio

159 803 356 886 sociorum,
375 797 459 896 fuga
476 813 516 868 ut
535 797 648 867 tutior
666 795 984 885 moravideretur,
1004 797 1098 869 lecit.
1113 804 1211 873 Prin-

147 910 291 1007 cipium
316 906 525 980 defectionis
551 905 596 976 ab
621 909 751 976 Attane
775 902 909 1002 regulo
923 906 1212 982 Turdetanorum

158 1016 291 1089 factum
313 1031 366 1087 est
387 1017 442 1086 :is
465 1040 545 1086 cum
564 1039 692 1110 magna
712 1014 941 1111 popularium
966 1041 1077 1086 manu
1099 1034 1213 1092 trans-

158 1127 252 1225 fugit
266 1155 273 1196 :
288 1125 372 1197 inde
392 1126 464 1194 duo
483 1126 623 1195 munita
645 1124 778 1222 oppida
796 1148 878 1194 cum
898 1126 1067 1220 praesidiis
1083 1129 1213 1201 tradita
1269 1200 1272 1206 .

160 1262 180 1306 a
196 1233 370 1333 praefectis
388 1239 572 1321 Romano,
594 1248 629 1305 et
648 1259 693 1304 ne
709 1234 831 1322 latiuS,
848 1235 1027 1306 inclinatis
1041 1238 1151 1309 semel
1168 1240 1214 1310 ad

161 1343 400 1415 defectionem
427 1344 571 1431 animis,
595 1358 753 1440 serperet
777 1369 852 1430 res,
876 1344 1017 1416 silentio
1042 1349 1213 1444 proximae

161 1456 276 1525 noctis
292 1452 489 1524 Hasdrubal
508 1467 621 1524 castra
636 1468 766 1523 movet.

206 1551 299 1634 XVI.
315 1563 448 1660 Scipio,
461 1578 501 1641 ut
510 1565 626 1660 prima
638 1563 732 1650 luce,
746 1564 860 1658 quiin
872 1563 1085 1634 stationibus
1097 1584 1215 1657 erant,

159 1673 377 1760 retulerunt,
390 1670 572 1768 profectos
589 1670 726 1759 hostes,
741 1673 920 1767 praemisso
940 1674 1102 1768 equitatu
1117 1679 1217 1774 signa

160 1782 245 1854 ferri
263 1781 387 1876 jubet3
411 1781 574 1877 adeoque
591 1782 699 1851 citato
720 1782 859 1877 agmine
876 1779 975 1851 ducti
992 1798 1096 1877 sunt,
1113 1800 1169 1873 ut,
1187 1791 1217 1857 si

159 1895 216 1963 via
235 1908 334 1962 recta
351 1893 498 1988 vestigia
516 1905 707 1987 sequentes
725 1892 851 1979 issent,
872 1889 971 1960 haud
991 1891 1100 1963 dubie
1122 1919 1216 1968 asse-

160 2005 311 2100 quuturi
329 2002 474 2073 fuerint.
494 2000 655 2072 Ducibus
678 2016 732 2072 est
750 2001 942 2088 creditum,
962 2000 1105 2073 brevius
1120 2005 1217 2077 aliud

161 2138 237 2184 esse
260 2115 326 2183 iter
342 2111 387 2183 ad
407 2113 530 2181 Baetim
550 2111 720 2198 fluvium,
743 2126 783 2180 ut
800 2126 1027 2182 transeuntes
1045 2116 1216 2211 aggrede-

161 2239 300 2295 rentur.
317 2220 535 2304 Hasdrubal,
550 2222 671 2300 clauso
686 2222 838 2318 transitu
858 2221 1032 2310 fluminis,
1047 2224 1092 2293 ad
1109 2231 1218 2298 Ocea-

160 2359 250 2404 num
282 2331 412 2419 flectit,
447 2345 483 2401 et
510 2331 584 2424 jam
614 2329 699 2400 inde
730 2328 945 2427 fugientium
976 2330 1087 2402 modo
1113 2333 1218 2408 effusi

162 2442 328 2527 abibant3
344 2440 455 2536 idque
470 2438 515 2509 ab
531 2437 732 2536 legionibus
747 2441 907 2508 romanis
921 2438 1144 2536 'aliquantum
1160 2445 1216 2513 in·

161 2551 299 2622 tervalli
309 2549 403 2620 fecit.
413 2554 531 2643 Eques
543 2549 704 2643 levisque
718 2562 913 2632 armatura,
928 2571 1027 2617 nunc
1040 2546 1084 2617 ab
1098 2563 1216 2646 tergo,

163 2682 261 2727 nunc
279 2656 324 2725 ab
343 2653 514 2725 lateribus
533 2653 792 2740 occurrend01‚
811 2652 978 2750 fatigabat
995 2655 1217 2729 morabatur-

163 2791 236 2862 que
256 2793 262 2832 :
287 2763 349 2833 sed
371 2787 485 2858 quum
501 2762 546 2831 ad
563 2760 711 2832 crebros
729 2760 906 2829 tumultus
931 2761 1029 2854 signa
1047 2767 1218 2837 consiste-

165 2888 265 2959 rent,
288 2888 325 2943 et
349 2896 447 2941 nunc
473 2871 671 2966 equestria,
693 2893 792 2937 nunc
819 2891 899 2937 cum
922 2866 1090 2940 velitibus
1119 2877 1224 2968 auri-¹

165 2985 293 3080 liisque
315 2981 476 3079 peditum
505 2979 625 3076 praelia
654 2990 903 3061 consererent,
931 2998 1220 3073 supervenerunt
1288 3033 1290 3037 ψ

164 3096 333 3192 legiones.
359 3089 449 3160 Inde
472 3114 549 3159 non
568 3087 642 3181 jam
664 3109 802 3183 pugna,
826 3083 888 3155 sed
912 3085 1101 3158 trucidatio
1120 3092 1219 3163 velut

164 3228 337 3301 pecorum
355 3198 453 3284 fieri3
471 3197 587 3268 donec
603 3198 678 3292 ipse
696 3194 789 3281 dux,
808 3191 900 3290 fugae
917 3209 1060 3282 auctor,
1079 3199 1116 3266 in
1132 3222 1217 3295 pro-

165 3384 188 3414 n.
208 3367 237 3432 t)
258 3368 326 3429 quasi
354 3364 477 3412 noluerint
505 3363 555 3419 dii,
576 3361 667 3408 diutius
711 3370 790 3407 essent
801 3358 906 3406 leviores
916 3357 998 3425 pedite
1011 3375 1218 3420 romano‚ussue·

165 3445 282 3508 pugnari,
296 3456 320 3492 et
332 3444 482 3490 voluntatem
495 3457 562 3488 suam
578 3439 612 3486 ita
626 3439 667 3486 de·
711 3440 779 3501 tique
787 3437 943 3487 inmontihus
951 3436 1086 3494 decurrere,
1094 3439 1218 3502 legionum

166 3523 317 3570 claraverint.
711 3532 797 3580 agmen
806 3525 986 3579 praecesserant,
997 3515 1163 3578 fugientesque
1170 3521 1222 3566 Poe·

200 3602 262 3649 Car.
273 3602 342 3647 XVI.
355 3600 456 3646 1.Nunc
467 3598 499 3644 ab
510 3609 589 3661 tergo,
604 3612 669 3644 nunc
711 3613 757 3644 nos
776 3595 933 3643 lacessebant.
955 3594 1002 3640 Hic
1024 3594 1152 3642 Creverius
1169 3612 1220 3645 non

166 3680 198 3726 ab
210 3677 324 3724 lateribus
335 3676 481 3723 occurrendo
487 3694 496 3732 ,·
506 3676 536 3722 cf.
547 3675 578 3721 ad
586 3678 611 3732 1,
628 3676 675 3733 33,
712 3674 798 3721 inutile
809 3683 891 3722 censet
901 3672 1040 3729 observare,
1055 3672 1152 3720 auxilia
1162 3690 1219 3738 pro-

166 3773 190 3804 n.
198 3772 221 3815 7.
232 3759 304 3801 Forte
315 3754 472 3801 incurrendo:
480 3769 535 3800 nant
544 3752 669 3815 quomodo
713 3754 766 3818 prie
777 3764 802 3800 et
812 3753 905 3816 signato
916 3751 966 3798 dici
977 3750 1104 3810 adjunctas
1114 3754 1219 3801 romanis

166 3836 199 3899 ab
209 3845 275 3896 tergo
286 3832 359 3879 alicui
369 3831 463 3878 occurri
471 3831 561 3894 possit,
572 3848 623 3879 non
634 3832 672 3878 in·
714 3831 860 3880 exercitibus
873 3829 979 3892 eopiase
996 3829 1108 3892 gentibus
1120 3834 1222 3891 exteris,

166 3912 264 3975 te111g0;
284 3909 350 3957 Duk.
369 3935 404 3949 -·-
422 3908 530 3969 Aemiliis
547 3909 671 3973 peditum·
715 3926 767 3958 non
778 3925 879 3958 veroex
891 3907 978 3956 italicis
989 3909 1151 3973 populis‚qui
1162 3913 1223 3958 socii

167 3990 290 4054 peditibus
296 3987 462 4053 auriliaribus,
467 3989 581 4052 Hispanis
586 4003 673 4051 nempe
717 3988 859 4036 dicebantur
873 4002 926 4034 non
938 3985 1047 4042 auxilia,
1061 3999 1102 4034 aut
1113 3989 1221 4036 armilia-

167 4069 231 4133 apud
240 4066 590 4131 Romanosmilitantibus‚qui
599 4082 674 4129 quum
718 4082 763 4113 res.
775 4069 820 4114 En.
835 4093 868 4103 -
883 4064 971 4112 Proelr'a
985 4078 1148 4122 consererent,
1170 4067 1221 4116 scil.

293 4157 334 4221 V.
989 4153 1035 4234 24
