2768 4574
213 313 336 419 ttttt:
381 335 472 400 nm.
499 334 680 401 xxvtn.
710 335 816 400 car.
845 336 931 400 ΧΠ.
960 337 1069 403 x111.
1178 335 1241 406 361

186 456 346 526 armavit.
371 458 426 524 De
448 451 678 549 equestribus
701 454 816 550 copiis
832 452 949 525 ferme
966 457 1061 526 inter
1083 472 1249 531 auctores

185 565 373 636 convenit:
386 562 550 660 peditum
565 564 793 662 septuaginta
808 563 920 634 millia
929 565 1078 661 quidam
1093 567 1248 641 adducta

182 674 228 750 ad
242 673 390 771 Silpiam
407 673 537 745 urbem
558 673 733 746 scribunt.
756 665 812 744 Ibi
832 699 943 771 super
964 699 1110 774 campos
1123 693 1248 775 paten-

182 799 236 856 tes
254 785 328 856 duo
345 785 457 856 duces
472 787 574 856 Poeni
590 810 632 856 ea
651 801 792 874 mente,
812 810 859 856 ne
877 785 1120 857 detrectarent
1139 805 1248 861 certa-

181 920 285 982 men,
304 896 558 966 consederunt.

228 1012 324 1077 XIII.
349 1008 487 1102 Scipio,
508 1030 622 1102 quum
643 1006 792 1076 adeum
815 1005 909 1077 fama
935 1008 1027 1077 tanti
1048 1011 1245 1104 comparati

180 1119 356 1189 exercitus
386 1117 523 1215 perlata
554 1132 668 1206 esset,
700 1142 820 1213 neque
849 1119 1008 1203 romanis
1040 1118 1246 1216 legionibus

179 1242 285 1297 tantae
299 1253 337 1298 se
350 1252 475 1324 parem
484 1227 566 1321 *fore
579 1227 805 1299 multitudini
816 1243 917 1299 ratus
926 1241 952 1316 ¹,
968 1243 1097 1299 utnon
1113 1230 1151 1299 in
1166 1255 1244 1327 spe-

178 1339 270 1407 ciem
283 1338 409 1408 saltem
418 1354 694 1436 opponerentur
705 1337 945 1410 Barbarorum
959 1338 1105 1427 auxilia,
1121 1363 1243 1434 neque

177 1447 214 1514 in
234 1447 277 1519 iis
298 1461 419 1518 tamen
440 1463 582 1519 tantum
600 1449 731 1529 virium
750 1445 984 1545 ponendum,
1005 1463 1046 1520 ut
1065 1449 1241 1520 mutando

176 1554 305 1646 fidem,
327 1583 406 1655 quae
420 1558 531 1629 cladis
545 1583 652 1630 causa
670 1557 796 1630 fuisset
811 1561 905 1656 patri
920 1575 1146 1656 patruoque,
1163 1584 1240 1629 ma-

175 1690 287 1761 gnum
303 1683 532 1739 momentum
554 1665 734 1756 facerent,
756 1671 941 1766 praemisso
963 1669 1083 1739 Silano
1102 1669 1148 1739 ad
1164 1668 1242 1740 Col·

173 1775 314 1866 cham²‚
336 1777 606 1877 duodetriginta
623 1778 767 1876 oppidis
785 1793 1082 1878 regnantem‚gut
1100 1779 1241 1874 equites
1320 1770 1323 1775 Δ

173 1887 386 1984 peditesque
402 1888 448 1959 ab
463 1914 527 1976 ec,
541 1914 634 1986 quos
646 1915 684 1960 se
697 1915 762 1987 per
775 1889 932 1961 hiemem
947 1890 1238 1986 conscripturum
1260 1880 1266 1892 ’

172 1995 353 2092 pollicitus
376 2014 468 2084 erat,
497 2001 692 2096 acciperet,
722 2001 799 2097 ipse
824 1999 871 2070 ab
890 2004 1091 2070 Tarracone
1119 1996 1239 2095 profe·

171 2121 268 2190 ctus,
286 2122 463 2204 protenus
484 2108 530 2179 ab
549 2111 672 2198 sociis,
692 2112 756 2206 qui
776 2111 947 2184 accolunt
963 2112 1075 2194 viam,
1095 2107 1238 2195 modica

170 2217 420 2289 contrahendo
447 2219 595 2307 auxilia,
622 2221 862 2303 Castulonem
882 2220 1059 2317 pervenit.
1090 2224 1144 2289 Eo
1173 2217 1236 2293 ad·

169 2328 277 2400 ducta
297 2328 344 2401 ab
359 2329 482 2400 Silano
501 2331 652 2419 auxilia,
671 2333 739 2402 tria
757 2332 870 2403 millia
887 2330 1053 2428 peditum
1072 2344 1110 2401 et
1125 2330 1236 2427 quiu-

168 2443 266 2534 genti
288 2443 428 2538 equites
445 2469 453 2511 :
470 2441 555 2513 inde
579 2441 625 2512 ad
648 2443 826 2514 Baeculam
845 2438 999 2513 urbem³
1023 2464 1237 2539 progressus

167 2553 267 2619 omni
287 2555 447 2623 exercitu
466 2553 618 2639 civium,
636 2554 839 2638 sociorum,
864 2552 1029 2650 peditum
1052 2551 1234 2646 equitum·

167 2683 239 2753 que
261 2663 424 2758 quinque
444 2664 744 2760 etquadragiuta·
754 2662 926 2732 millibus.
947 2666 1071 2732 Castra
1089 2685 1233 2755 ponen-

165 2839 271 2891 quatuor
281 2829 355 2877 millia
368 2832 442 2880 habet
453 2834 542 2899 Polyb.
552 2833 597 2881 sed
605 2832 677 2896 pedi·
721 2849 822 2896 prorsus
835 2832 874 2878 vel
888 2831 922 2878 ita
938 2845 1024 2893 parem
1033 2828 1106 2895 fore,
1127 2839 1155 2875 ut
1164 2843 1215 2879 nan
1222 2860 1231 2883 ,

165 2919 217 2954 tum
227 2909 383 2973 septuaginta
395 2911 473 2959 millia
483 2924 509 2960 et
520 2910 622 2959 XXXII
632 2912 677 2958 ele·
721 2911 746 2958 in
762 2909 865 2974 speciem
881 2910 984 2964 saltem,
1004 2918 1194 2971 opponerentur,
1210 2906 1234 2953 ei

163 2987 277 3050 phantos.
286 3015 322 3024 -
332 2989 377 3035 Ad
386 2989 445 3053 Silp.
460 2991 554 3048 urbem,
564 2971 674 3060 ὶὶλίγγαν
720 2989 869 3054 opponenda
881 3000 975 3046 essent,
987 2987 1025 3035 vel
1038 2985 1135 3050 opponi
1144 3000 1233 3048 magno

163 3054 257 3132 Polyb:
266 3069 311 3116 sed
326 3069 358 3116 ad
374 3081 467 3118 eumer
481 3071 589 3134 Appiam
603 3071 673 3134 Hisp.
719 3069 775 3117 usui
787 3080 862 3125 esset,
878 3069 1045 3115 Barbararant
1059 3064 1173 3120 auxilia,
1190 3080 1232 3111 ne-

162 3155 210 3205 at,
220 3149 271 3208 jam
286 3150 383 3197 monuit
399 3149 551 3213 Schwdgh„
561 3149 673 3213 Ellngam
718 3164 766 3211 qao
776 3160 857 3195 tamen
871 3159 937 3196 ratus
949 3147 975 3194 in
989 3146 1018 3194 iis
1032 3156 1127 3194 tantum
1139 3142 1231 3190 viriam

161 3238 185 3274 et
191 3227 295 3292 'Silpiam
307 3244 421 3293 peraque
432 3229 516 3293 ignota
528 3214 673 3294 geographis
712 3216 867 3291 ponendam,
879 3238 957 3275 tantas
967 3242 1050 3274 eorum
1059 3223 1136 3282 vires,
1148 3222 1232 3287 copias

160 3307 261 3355 nomina
280 3325 344 3366 esse,
361 3320 385 3356 et
397 3307 445 3372 leg.
462 3308 568 3372 Ilipam,
585 3307 672 3373 oppid.
717 3307 865 3371 colligendas
879 3323 942 3365 erse,
952 3317 979 3352 at
985 3339 1043 3353 .....
1050 3302 1165 3367 magnam
1178 3318 1229 3348 mo·

159 3384 286 3450 Hispaniae
301 3387 398 3436 Baeticae
415 3388 447 3435 ad
462 3388 548 3436 Barim
567 3385 593 3435 fl.
608 3388 672 3436 inter
716 3385 953 3451 mentrtmfacerent5
965 3384 1023 3432 vide
1033 3382 1064 3430 ad
1075 3385 1100 3439 Ι,
1115 3389 1191 3440 lemn.
1205 3397 1231 3440 7.

159 3464 271 3528 Hispalin
287 3477 312 3515 et
322 3467 463 3516 Cordubam
477 3465 517 3531 (v.
530 3467 608 3516 strab.
620 3469 671 3526 111,
715 3492 751 3504 -
765 3467 828 3528 Qua.
837 3464 916 3513 cladr's
925 3461 1096 3527 raasafltisset
1103 3459 1175 3523 patri
1181 3477 1230 3524 pa-

158 3545 285 3606 P·141.C;
299 3547 419 3609 Antonin.
427 3547 485 3594 ltin.
495 3564 520 3610 p.
533 3554 593 3605 4113
604 3546 667 3595 Plin.
714 3557 831 3609 auoqae5
845 3543 903 3591 vide
915 3543 947 3591 ad
959 3543 1043 3599 XXV,
1058 3541 1099 3588 33.

158 3621 207 3680 ΙΠ,
223 3639 234 3669 1
248 3639 290 3670 seu
301 3622 340 3688 3),
352 3624 419 3672 haud
429 3625 517 3690 procul
526 3643 539 3672 a
548 3627 669 3675 Car-mone
749 3641 774 3673 2.
793 3622 920 3670 Praemisso
940 3620 1024 3668 Silano
1042 3619 1079 3666 ad
1096 3616 1225 3674 Colchana,

157 3715 199 3747 seu
208 3701 339 3760 Comum,
352 3704 379 3750 in
388 3705 457 3764 cujus
469 3704 559 3752 vicinia
570 3704 668 3752 easdem
712 3703 744 3751 al.
755 3704 864 3759 Galeam,
878 3702 990 3757 Galeam,
1005 3699 1117 3745 Scolcam
1124 3732 1132 3754 ,
1146 3696 1228 3745 Sahal·

156 3795 195 3826 res
213 3791 290 3844 gestas
306 3799 358 3830 esse
375 3784 449 3831 tradit
467 3781 575 3849 Appiam
595 3786 666 3849 IIisp.
712 3799 784 3838 cam,
805 3782 917 3829 Saiticam
933 3791 959 3827 at
975 3777 1105 3827 Scalalaam
1123 3777 1149 3824 h.
1168 3777 1184 3824 l.
1202 3787 1226 3823 ot

156 3866 199 3917 24,
208 3876 255 3919 ²73
267 3861 357 3925 dequo
367 3862 423 3910 vide
435 3880 507 3928 supra
516 3864 547 3912 ad
553 3866 668 3922 XXVII,
711 3864 840 3917 XXXIII,
855 3875 898 3907 υ.
909 3858 1053 3924 Κολίχαντα
1067 3856 1157 3922 Polyb.
1171 3858 1226 3914 XI,

159 3941 203 3997 18,
221 3956 246 3987 n.
260 3956 281 3986 1.
713 3959 761 4000 20,
777 3953 801 3988 et
813 3942 892 3996 XXI,
910 3956 935 4001 9.

189 4020 250 4068 Car.
261 4022 334 4067 XIII.
345 4036 366 4066 1.
382 4022 467 4085 Neque
476 4034 559 4078 ratus,
575 4039 600 4069 se
610 4039 667 4070 oum
748 4023 771 4070 3.
790 4019 852 4066 Inde
867 4019 904 4066 ad
914 4019 1038 4087 Bcecalam
1052 4019 1136 4066 urbem
1154 4017 1223 4081 (vid.

154 4098 260 4146 romanis
276 4099 409 4164 legionibus
425 4111 501 4150 tanta
519 4102 669 4152 multitudini
711 4100 742 4149 ad
754 4100 868 4157 XXVII,
887 4101 931 4156 rt,
949 4115 975 4148 u.
993 4096 1017 4162 1)
1032 4113 1175 4162 progressas
1189 4107 1227 4144 est
