2768 4574
147 301 275 409 titt:
357 320 959 391 mnsnxxrxcinxvu.
1047 328 1170 421 ‘477

120 472 136 505 a
151 443 186 512 in
211 456 364 512 vestram
387 441 560 513 ditionem
589 456 775 537 appareat,
806 467 881 512 non
906 444 1093 518 voluntate
1118 473 1173 519 so·

118 581 135 614 a
149 551 241 638 lum,
255 550 317 622 sed
331 577 400 649 ope
414 553 519 622 etiam
533 575 574 621 ae
586 551 716 620 virtute
732 565 873 641 nostra,
889 556 1000 651 magis
1013 556 1173 654 indigne·

119 691 135 724 ι(
150 663 256 748 mini,
278 659 385 732 bonis
416 686 457 733 ac
475 657 640 730 fidelibus
667 660 771 729 sociis
800 672 874 729 tam
900 676 1038 735 atroces
1064 680 1173 763 atque

119 800 135 833 α
149 771 312 868 indignas
330 772 478 866 injurias
493 767 538 840 ab
554 770 671 866 legato
685 783 803 839 vestro
823 768 1069 867 militibusque
1086 774 1174 848 lieri.

118 879 219 951 «Sed
253 886 320 978 ego
354 903 495 951 causam
524 879 710 974 utriusque
737 875 948 950 defectionis
976 895 1108 952 nostrae
1135 884 1174 954 in

118 1020 134 1053 ι(
147 989 243 1060 alind
259 1005 401 1087 tempus
416 985 654 1059 differendam
671 984 825 1058 arbitror
839 1012 934 1075 esse,
951 987 1105 1060 duarum
1120 1017 1175 1063 re-

117 1127 133 1161 «
149 1123 229 1167 rum
242 1098 373 1194 gratia,
389 1098 513 1183 unius,
530 1109 570 1166 ut
584 1119 705 1166 coram
719 1099 756 1165 P.
771 1097 955 1193 Scipione,
966 1099 1030 1194 qui
1040 1102 1174 1172 Locros

117 1237 133 1270 a
145 1208 298 1304 recepit,
314 1207 477 1278 omnium
491 1203 596 1275 nobis
609 1220 705 1275 recte
720 1229 982 1303 perperamque
997 1206 1173 1281 factorum

116 1345 132 1379 α
147 1317 261 1402 testis,
277 1332 416 1413 agatur3
433 1315 594 1399 alterius,
608 1312 725 1410 qnod,
739 1314 1019 1413 qualescumque
1032 1341 1172 1405 sumus,

117 1439 266 1494 «tamen
290 1424 383 1512 haec,
405 1448 485 1521 quae
502 1423 597 1520 passi
619 1447 758 1510 sumus,
778 1424 852 1520 pati
870 1450 945 1494 non
969 1424 1171 1501 debuimus.

117 1563 133 1595 ι(
146 1536 227 1603 Νοη
244 1557 434 1631 possumus
452 1531 692 1617 dissimulare,
712 1536 833 1602 Patres
854 1535 1065 1631 conscripti,
1087 1562 1173 1624 nos,

116 1667 260 1738 «quum
286 1642 491 1739 praesidium
513 1643 685 1738 punicum
711 1641 748 1709 in
773 1665 853 1712 arce
877 1658 999 1715 nostra
1023 1644 1173 1719 hahere·

116 1782 131 1814 «
147 1776 243 1838 mus,
264 1751 377 1822 multa
395 1750 490 1822 foeda
507 1766 542 1823 et
560 1749 708 1846 indigna
731 1764 767 1820 et
789 1775 809 1820 a
831 1749 1000 1847 praefecto
1020 1758 1173 1852 praesidii

116 1862 361 1949 «Hamilcare,
380 1876 415 1933 et
432 1860 477 1932 ab
494 1857 657 1933 Numidis
672 1857 839 1955 Afrisque
853 1884 976 1956 passos
994 1887 1081 1937 esse.
1100 1865 1172 1937 Sed

116 1999 131 2031 «
148 1970 236 2064 quid
256 1969 314 2039 illa
335 1985 438 2057 sunt,
451 1969 578 2040 collata
596 1993 679 2039 cum
699 1970 759 2056 iis,
773 1994 854 2065 qua
872 1970 980 2042 hodie
994 1975 1173 2069 patimur?

114 2109 129 2142 α
145 2083 235 2148 Cum
251 2077 349 2148 bona
361 2080 480 2167 venia,
492 2102 630 2174 quaes0,
640 2078 810 2164 audiatis,
822 2084 943 2151 Patres
961 2085 1170 2182 conscripti,

115 2187 195 2273 «id,
214 2187 314 2284 quod
331 2189 463 2258 invitus
479 2186 605 2257 dicam.
624 2192 666 2257 In
682 2187 885 2258 discrimine
900 2203 952 2259 est
971 2202 1087 2261 nunc²
1104 2193 1170 2265 hu·

115 2327 130 2360 «
144 2321 291 2368 manum
308 2320 416 2368 omne
430 2320 561 2393 genus,
573 2309 694 2365 utrum
705 2320 784 2382 vos,
800 2322 847 2366 an
859 2298 1171 2396 Carthaginienses

114 2438 130 2471 α
145 2408 324 2505 principes
338 2421 515 2477 terrarum
530 2404 657 2475 videat.
689 2405 725 2474 si
741 2430 785 2475 ex
807 2407 866 2490 iis,
884 2431 963 2503 quae
979 2413 1173 2484 Locrenses

113 2546 130 2579 a
144 2531 206 2586 aut
224 2517 269 2588 ab
287 2516 356 2587 illis
377 2517 469 2614 passi
485 2539 628 2602 sumus,
643 2528 704 2585 aut
720 2530 873 2584 avestro
893 2519 1058 2612 praesidio
1073 2546 1170 2592 nunc

113 2655 129 2688 ι(
145 2651 259 2721 quum
280 2628 433 2696 maxime
456 2626 630 2722 patimur,
648 2622 895 2695 aestimaudum
919 2650 1109 2698 romanum
1128 2656 1170 2701 ac

113 2736 317 2831 «punicum
337 2735 526 2832 imperium
544 2736 608 2820 sit,
631 2758 739 2804 nemo
762 2757 838 2803 non
857 2731 937 2803 illos
958 2732 1042 2824 sibi,
1060 2763 1169 2833 quam

113 2869 220 2926 «vos,
248 2841 414 2913 dominos
442 2855 625 2939 praeoptet.
655 2846 699 2911 Et
726 2857 846 2912 tamen
879 2838 1012 2933 videte,
1041 2869 1168 2940 quem·

114 2951 339 3023 «admodum
361 2955 557 3022 Locrenses
581 2951 619 3018 in
638 2969 704 3020 vos
726 2950 872 3020 animati
894 2951 990 3020 sint:
1010 2978 1122 3049 quum
1150 2981 1170 3025 a

114 3060 495 3158 «Carthaginiensibus
514 3059 661 3153 injurias
688 3073 790 3129 tanto
813 3059 972 3131 minores
994 3063 1169 3159 accipere·

114 3203 130 3236 «
142 3196 240 3256 muS,
262 3169 307 3241 ad
327 3185 486 3241 vestrum
510 3171 766 3266 imperatorem
786 3166 1033 3265 confugimus:
1055 3197 1168 3268 quum

114 3312 129 3343 α
144 3307 163 3352 a
181 3296 298 3352 vestro
311 3279 475 3378 praesidio
494 3278 576 3376 plus
594 3303 703 3374 quam
719 3276 859 3346 hostilia
879 3279 1066 3373 patiamur,
1084 3306 1167 3351 nus·

112 3421 128 3452 «
143 3415 252 3486 quam
264 3390 349 3480 alio,
359 3413 467 3487 quam
477 3388 521 3458 ad
535 3412 613 3473 vos,
625 3385 790 3484 querelas
804 3383 1009 3454 detulimus.
1022 3391 1091 3457 Aut
1102 3413 1166 3458 vos

113 3501 340 3596 «respicietis
362 3498 519 3595 perditas
543 3520 600 3566 res
628 3510 783 3576 nostras,
809 3497 929 3563 Patres
957 3496 1166 3591 conscripti,

113 3639 129 3675 a
142 3623 204 3678 aut
219 3632 264 3677 ne
279 3607 324 3678 ab
336 3608 403 3680 diis
417 3606 565 3705 quidem
579 3603 840 3675 immortalibus
852 3601 953 3698 quod
966 3626 1167 3699 precemur,

113 3789 202 3838 nostris
222 3788 354 3853 plurimum
373 3789 479 3853 pendere
496 3805 528 3835 ex
546 3802 576 3834 eo
598 3789 618 3832 si
662 3785 748 3851 optimi
761 3785 837 3840 MSS,
854 3781 993 3831 uiinnaef.
1002 3795 1025 3832 et
1034 3786 1115 3845 xm,
1126 3789 1168 3850 39.

113 3868 188 3933 probe
198 3869 290 3926 sciatis,
301 3879 347 3915 ete.
355 3889 367 3908 »ι
380 3867 425 3915 Eo.
663 3863 783 3925 Principes
795 3863 858 3909 orbis
872 3873 889 3910 c.
900 3861 955 3909 edd.
969 3873 1025 3911 ante
1038 3864 1127 3923 Drab,
1141 3878 1169 3916 at

148 3963 173 3997 a.
184 3948 213 3992 In
225 3945 361 3992 discrimine
373 3956 408 3992 ese
418 3932 495 4002 nrrnc,
508 3956 554 3995 etc.
563 3944 619 3992 ride
663 3941 784 3997 XXXIV,
795 3940 836 3987 53.
849 3966 884 3975 -
896 3941 966 3987 Nune
977 3957 1051 4003 quiem
1061 3945 1168 3994 maxime

114 4026 144 4073 ad
152 4027 203 4083 vl,
215 4041 253 4086 17,
261 4040 286 4070 n.
295 4040 314 4070 r.
325 4050 359 4060 -
370 4023 491 4086 Principes
502 4035 619 4071 terrarum
660 4019 771 4084 patimur
775 4035 785 4073 ,·
799 4017 848 4066 vid.
858 4027 910 4066 not.
919 4019 942 4066 6.
