2768 4574
190 332 310 446 3322}ss
414 352 562 421 mam
593 354 733 418 xxix.
762 356 867 421 ela
895 359 959 424 xr.
1147 360 1216 446 465

164 486 272 560 nunt,
290 477 339 543 M.
355 470 538 542 Valerium
555 472 759 557 Laevinum,
777 475 840 567 qui
858 472 914 543 bis
935 478 1084 549 consul³
1104 482 1240 559 fuerat,

163 581 1218 677 mmmfflmffimeQffimmmm

163 693 391 789 praetorium,
406 696 479 763 Ser.
500 689 697 788 Sulpicium
719 689 869 761 Galbam
894 693 1099 786 aedilitium,
1126 702 1218 775 duos

162 805 390 897 quaestorios,
410 805 475 872 Cn.
491 801 719 872 Tremellium
736 801 901 872 Flaccum
921 818 956 873 et
975 809 1021 875 M.
1034 808 1217 882 Valerium

163 909 359 981 Faltonem.
384 911 445 980 His
471 911 634 1005 quinque
655 935 762 980 naves
783 912 1082 1009 quinqueremes,
1110 934 1150 989 ut
1173 947 1216 991 ex

162 1019 333 1116 dignitate
354 1018 480 1116 populi
501 1021 641 1089 romani
666 1019 806 1091 adirent
826 1047 884 1092 eas
909 1038 1040 1114 terras,
1065 1028 1108 1097 ad
1129 1054 1218 1125 quas

162 1129 382 1199 concilianda
409 1130 573 1221 majestas
590 1131 742 1198 'nomini
772 1155 923 1201 romano
953 1149 1062 1223 esset,
1094 1135 1218 1208 decer-

162 1253 265 1308 nunt.
282 1240 404 1334 Legati
415 1239 533 1309 Asiam
553 1253 717 1334 petentes
731 1254 907 1335 protenus
923 1243 1084 1340 Delphos
1103 1271 1216 1341 quum

163 1348 425 1435 escendissent,
460 1347 645 1418 oraculum
682 1347 868 1436 adierunt,
901 1353 1145 1438 consulentes,
1173 1355 1218 1426 ad

162 1457 262 1554 quod
287 1459 471 1554 negotium
496 1456 606 1527 domo
629 1457 726 1526 missi
748 1473 887 1544 essent,
907 1459 1116 1556 perficiendi
1138 1465 1216 1559 ejus

162 1592 271 1663 qnam
285 1567 354 1640 sibi
371 1593 469 1665 spem
487 1566 696 1663 populoque
715 1591 866 1636 romano
885 1570 1129 1664 portenderet.
1150 1579 1216 1644 Re·

162 1702 336 1774 sponsum
357 1704 433 1749 esse
451 1676 594 1763 ferunt,
616 1681 689 1745 Per
703 1675 868 1745 Attalum
894 1702 1012 1772 regem
1037 1700 1216 1778 compotes

161 1791 238 1882 ejus
242 1792 340 1880 sore,
352 1788 454 1887 quod
455 1802 630 1884 peterent.
645 1789 766 1877 Quum
773 1790 926 1855 Romam
933 1792 1052 1858 Deam
1063 1789 1218 1883 devexas·

160 1915 254 1985 sent,
276 1916 351 1969 tum
369 1912 550 1981 curarent,
572 1911 612 1964 ut
626 1920 727 1980 eam,
747 1900 813 1991 qui
836 1901 895 1964 vir
917 1903 1071 1992 optimus
1089 1904 1216 1974 Romce

162 2023 269 2092 esset,
289 2009 443 2104 hospitio
462 2010 649 2101 exciperet.
671 2008 879 2099 Pergamum
900 2005 944 2074 ad
966 2031 1088 2104 regem
1106 2035 1216 2082 vene-

161 2131 274 2185 runt:
304 2118 332 2186 is
353 2117 496 2212 ‘legatos
528 2115 678 2185 comiter
705 2129 871 2210 acceptos
901 2118 1148 2189 Pessinuntem
1178 2123 1215 2192 in

161 2226 347 2323 Phrygiam
374 2223 543 2309 deduxit3
576 2247 788 2318 sacrumque
822 2224 863 2293 iis
900 2223 1076 2320 lapidem,
1107 2253 1216 2323 quam

160 2341 311 2407 Matrem
344 2335 453 2406 deum
485 2358 561 2403 esse
590 2331 717 2402 incolae
744 2330 912 2402 dicebant
927 2335 955 2421 ⁴,
982 2334 1147 2424 tradidit,
1175 2364 1215 2408 ac

160 2445 350 2543 deportare
367 2451 517 2516 Romam
532 2444 646 2538 jussit.
664 2443 867 2512 Praemissus
885 2442 930 2513 ab
950 2442 1073 2540 legatis
1091 2451 1216 2518 uva-

160 2554 270 2626 lerius
284 2557 382 2626 Falto
401 2555 599 2640 nuntiavit,
618 2557 730 2622 Deam
752 2554 959 2648 apportari:
978 2556 1212 2649 quarendum

159 2667 274 2734 virum
288 2666 464 2760 optimum
483 2667 520 2732 in
535 2665 674 2733 civitate
689 2685 784 2748 esse,
802 2663 866 2757 qui
881 2664 959 2731 eanl
974 2665 1041 2733 rite
1056 2663 1213 2763 hospitio
1316 2670 1321 2679 ’

194 2894 218 2940 3.
238 2894 270 2940 Μ.
286 2889 407 2937 Valerium
422 2889 555 2946 Laevinum,
571 2887 615 2951 qui
630 2887 665 2934 bis
708 2885 813 2932 mulacra
823 2885 895 2933 rudes
910 2886 1073 2951 informesque
1088 2890 1162 2939 fuisse
1175 2894 1214 2940 vel

159 2970 349 3035 consulsuerat5
362 2967 405 3015 sed
418 2968 489 3018 unius
500 2977 593 3014 tantum
606 2980 665 3027 oon·
708 2974 807 3010 truncos
822 2963 861 3010 vel
876 2964 984 3027 lapides,
1001 2977 1025 3015 et
1042 2967 1136 3031 lapides
1152 2971 1213 3020 eaelo

159 3050 250 3096 sulatus
269 3047 360 3095 mendo
378 3046 406 3093 lit
427 3046 498 3110 (vide
516 3045 547 3091 ad
564 3043 664 3100 XXVI,
708 3044 834 3108 delapsos,
849 3042 925 3102 λίθαυς
946 3045 1079 3112 ἐμψύχους,
1098 3048 1211 3111 Bottiaia

160 3128 216 3191 aa):
226 3127 289 3175 unde
303 3137 379 3190 patet,
390 3124 459 3172 Livio
471 3124 496 3170 h.
506 3123 522 3170 l.
535 3134 560 3170 et
571 3122 660 3178 m,
704 3119 793 3183 ξόανα,
813 3132 858 3168 etc.
883 3123 955 3170 Conf.
974 3125 1067 3172 Potteri
1088 3126 1210 3179 Archaeol.

159 3209 202 3264 23,
211 3208 253 3254 nbi
264 3205 346 3254 eadem
356 3214 499 3267 repetuntur
507 3201 592 3258 verba,
602 3200 661 3246 allos
704 3199 747 3246 lib.
756 3200 793 3259 II,
805 3215 866 3259 e.a;
883 3201 1013 3258 Falconet,
1032 3202 1094 3251 Diss.
1106 3204 1148 3252 des
1165 3207 1211 3253 Βέ-

158 3285 256 3334 annales
264 3285 295 3333 ad
307 3301 390 3331 manus
401 3283 482 3330 fuisse.
499 3280 570 3329 Cous.
585 3278 660 3326 Periz.
704 3278 775 3338 eyles,
787 3276 859 3324 Mem.
869 3278 900 3324 de
912 3279 1062 3326 I'Acade'mie
1075 3280 1117 3328 des
1127 3283 1212 3331 Pelles-

157 3365 241 3411 Anim.
249 3364 305 3411 hist.
315 3379 367 3428 cap.
377 3363 404 3420 8,
414 3378 439 3425 p.
452 3361 548 3408 356.-
558 3356 661 3421 Delphos
704 3358 807 3412 Lttaeres,
825 3367 843 3402 t.
851 3358 886 3404 VI
896 3367 920 3404 et
932 3359 1021 3405 XXIII
1030 3376 1037 3417 ;
1051 3361 1089 3406 Fr.
1102 3357 1210 3408 Miinteri

158 3437 519 3505 qurtmescendr'ssent5videad
528 3438 661 3496 11‚7,n.7,
703 3435 909 3500 Sammenligning
932 3437 1024 3483 anellem
1051 3437 1081 3484 de
1113 3439 1210 3487 Gamles

157 3531 182 3567 et
195 3523 276 3577 XLII,
291 3521 329 3577 15,
343 3537 368 3566 n.
382 3520 405 3566 3.
674 3564 677 3569 ,
703 3513 817 3574 Baetylier
829 3530 862 3579 og
869 3513 901 3560 de
912 3513 1002 3575 inyere
1014 3514 1133 3580 Tidersra
1141 3517 1209 3564 Him-

193 3607 216 3654 4.
228 3600 376 3660 Sacrumque
388 3596 505 3660 lapidem,
521 3609 595 3657 quam
604 3594 660 3638 Ma·
704 3591 741 3638 len
762 3591 893 3656 nedsalane
910 3593 991 3648 Smne,
1012 3594 1107 3642 Hafniae
1124 3598 1209 3656 18043

157 3690 216 3724 trem
228 3677 299 3722 deum
310 3691 358 3722 esse
372 3674 458 3721 incola·
469 3673 592 3728 dicebant,
604 3688 661 3735 qua·
704 3671 773 3730 eujus
795 3670 862 3717 docti
885 3658 961 3716 libelli
981 3671 1086 3732 epitome
1108 3671 1158 3719 vid.
1181 3673 1208 3719 in

157 3755 336 3817 drangularem
353 3752 447 3814 dequo
463 3752 513 3798 vid.
527 3750 659 3799 Herodian.
703 3748 783 3812 Leipz.
795 3749 829 3794 N.
842 3747 888 3794 Lit.
902 3747 965 3794 Zeit.
981 3764 1002 3794 a.
1021 3749 1100 3807 1805,
1117 3766 1151 3798 so.
1166 3753 1211 3812 73,

157 3837 181 3887 1.
193 3848 233 3890 113
243 3832 351 3896 Appiam.
359 3833 386 3879 B.
393 3834 473 3878 Hann.
482 3830 528 3889 563
538 3831 659 3877 Ammian.
703 3844 729 3891 p.
741 3829 807 3874 1163
816 3843 851 3889 sq.
861 3827 950 3890 Cuper.
960 3825 992 3871 ad
999 3826 1087 3890 Seript.
1095 3827 1125 3874 de
1132 3830 1208 3878 Mort.

155 3911 263 3960 Marcell.
272 3912 360 3967 XIIII,
369 3925 415 3966 aa;
427 3908 520 3956 Arnob.
531 3909 586 3955 adv.
594 3918 659 3972 gent.
703 3908 823 3953 Persecut.
834 3921 887 3968 cap.
900 3919 939 3951 11.
956 3905 1035 3966 Quam
1046 3920 1059 3951 e
1076 3907 1122 3954 MS
1137 3908 1209 3960 Cant.

156 3993 206 4047 VI,
220 4006 245 4053 p.
258 3988 392 4049 1963v11,
410 4003 434 4050 p.
448 3986 512 4043 253,
528 3987 566 4032 ed.
581 3986 659 4049 Lugd.
704 4000 750 4048 pro
761 3984 826 4044 vulg.
837 3999 922 4046 quem
932 3981 988 4028 vide
995 3983 1106 4046 supr-aad
1113 3986 1209 4049 xxiv,

155 4071 221 4116 Nota
234 4083 293 4116 vero
309 4082 347 4114 res
364 4078 412 4124 est,
426 4067 502 4129 prima
517 4065 618 4135 demum
631 4065 662 4110 el·
707 4071 737 4117 la
748 4097 755 4121 ‚
766 4079 791 4108 n.
800 4061 824 4107 6.

258 4159 299 4224 V.
800 4230 803 4235 ,
1000 4147 1044 4217 30
