2768 4574
157 265 227 360 378
572 268 611 333 Τ.
644 268 781 335 Ltvu
1062 242 1191 354 &12:332

157 386 265 457 scalas
279 386 405 480 jubet:
424 411 461 457 se
483 387 619 482 ipsum,
639 389 669 456 si
689 388 805 468 caeteri
826 399 1058 472 cunctentur,
1081 400 1247 457 escen-⁹

157 521 280 567 surum
304 498 494 566 minatur7.
516 503 592 566 Jam
612 496 768 567 subierat
789 495 888 566 haud
915 496 1089 567 mediocri
1112 498 1218 593 peri-

157 605 240 676 culo
262 607 414 690 moenia,
436 631 550 702 quum
575 606 709 677 clamor
729 605 892 701 undique
912 605 957 675 ab
977 606 1138 677 sollicitis
1156 609 1218 676 vi-

158 740 236 787 cem
254 717 476 812 imperatoris
494 716 666 787 militibus
688 716 865 799 sublatus,
890 716 1062 815 scalaeque
1086 717 1219 786 multis

156 824 260 895 simul
281 825 440 921 partibus
459 829 546 923 erigi
563 842 707 923 coeptae:
725 841 819 896 etex
838 826 947 896 altera
965 840 1066 921 parte
1081 826 1218 897 Laelius

156 937 271 1005 instat.
291 941 382 1004 Tum
400 938 493 1006 victa
511 938 775 1034 oppidanorum
795 937 865 1020 vis,
886 934 1107 1030 dejectisque
1122 960 1219 1032 pro-

156 1046 418 1142 pugnatoribus
448 1061 671 1142 occupantur
707 1048 800 1116 muri
827 1073 834 1114 ε
864 1071 927 1115 arx
959 1042 1146 1115 etiam'ab
1174 1071 1219 1130 ea

157 1168 272 1252 parte,
287 1180 358 1251 qua
372 1156 657 1252 inexpugnabilis
672 1156 881 1243 videbatur,
903 1157 998 1225 inter
1012 1156 1218 1227 tumultum

159 1278 261 1361 capta
280 1280 343 1334 est.

205 1382 283 1446 XX.
299 1375 502 1472 Transfugae
521 1375 604 1461 afri,
623 1378 782 1472 quitum
804 1377 897 1445 inter
916 1374 1044 1444 auxilia
1062 1398 1222 1444 romana

65 1498 68 1503 '
159 1501 278 1573 erant,
307 1502 341 1557 et
369 1487 558 1584 oppidanis
582 1489 620 1557 in
648 1512 689 1558 ea
715 1485 868 1570 tuenda,
890 1483 987 1553 unde
1012 1483 1222 1579 periculum

42 4060 143 4264 ἱ.

157 1595 379 1684 videbatur,
390 1598 514 1685 versis,
531 1613 566 1668 et
577 1599 746 1668 Romanis
761 1593 1016 1679 subeuntibus,
1028 1617 1101 1689 qua
1116 1593 1223 1664 adire

158 1721 346 1803 poterant,
376 1723 642 1805 conspexerunt
669 1708 898 1778 editissimam
923 1703 1021 1773 urbis
1051 1718 1221 1799 partem,

159 1817 243 1911 quia
264 1841 354 1913 rupe
375 1818 519 1913 praealta
537 1818 742 1914 tegebatur,
762 1841 882 1911 neque
901 1838 1011 1911 opere
1031 1812 1107 1882 ullo
1134 1838 1223 1884 mu-

158 1927 288 2011 nitam,
309 1940 344 1995 et
358 1925 403 1995 ab
418 1925 664 1998 defensoribus
682 1952 840 1999 vacuam.
856 1926 1005 1996 Levium
1019 1947 1225 2020 corporum

157 2035 358 2120 homines²,
385 2050 420 2104 et
446 2038 558 2106 multa
577 2039 830 2109 exercitatione
854 2037 1075 2134 pernicium,
1095 2035 1226 2107 clavos

159 2168 280 2214 secum
303 2142 439 2215 ferreos
460 2161 664 2242 portantes,
692 2173 765 2245 qua
792 2173 857 2244 per
880 2145 1105 2240 inaequaliter
1128 2147 1226 2215 emi-

159 2255 283 2323 nentia
296 2256 396 2351 rupis
409 2270 591 2349 poterant,
607 2258 798 2344 scandunt,
808 2256 928 2328 Sicubi
938 2254 1044 2324 nimis
1059 2252 1224 2324 arduum

161 2376 197 2432 et
214 2362 291 2431 leve
315 2387 440 2433 saxum
459 2367 691 2455 occurrebat,
716 2369 833 2437 clavos
856 2390 921 2463 per
941 2363 1083 2435 modica
1104 2365 1227 2436 inter-

160 2471 251 2540 valla
276 2471 445 2569 figentes,
474 2501 588 2570 quum
612 2479 710 2548 velut
738 2476 869 2572 gradus
897 2473 1083 2559 fecissent,
1111 2475 1228 2570 primi

162 2597 354 2677 sequentes
383 2585 609 2658 extrahentes
638 2612 766 2673 manu,
791 2582 1229 2682 postremisublevantes

161 2715 241 2779 eos,
262 2697 327 2790 qui
343 2697 527 2792 praeirent,
545 2698 582 2765 in
601 2719 782 2766 summum
797 2691 962 2765 evadunt.
982 2691 1072 2761 Inde
1087 2692 1229 2766 decur-

160 2819 248 2875 runt
263 2831 344 2876 cum
364 2807 519 2878 clamore
534 2809 571 2877 in
587 2807 716 2878 urbem
728 2807 801 2898 jam
816 2820 955 2903 captam
972 2801 1017 2872 ab
1032 2803 1224 2872 Romanis.

198 3060 222 3103 7.
235 3047 394 3091 Esceusurum
409 3043 529 3098 minatum
542 3061 566 3090 v.
582 3043 612 3090 ad
624 3046 665 3101 II,
711 3043 839 3090 tumultum
855 3041 1007 3105 capiebatur,
1025 3050 1050 3087 et
1068 3039 1127 3103 quia
1144 3057 1230 3105 neque

164 3139 187 3183 7,
195 3139 219 3172 n.
231 3139 254 3183 7.
262 3150 296 3158 —
305 3122 431 3179 Subierat,·
438 3122 494 3170 vide
505 3123 536 3170 ad
545 3123 606 3181 VII,
616 3124 648 3169 23
660 3158 667 3181 ,
710 3139 781 3187 opere
791 3122 840 3168 ullo
852 3120 945 3168 munita
958 3130 1022 3178 erat,
1032 3129 1080 3167 ete.

162 3218 189 3249 n.
202 3201 225 3250 5.
238 3228 273 3236 —-
286 3202 326 3247 Ab
338 3200 446 3248 sollicitis
457 3201 555 3257 vicem5
567 3201 622 3248 vide
636 3201 667 3248 ad
746 3217 770 3250 a.
791 3200 887 3247 Levium
900 3215 1027 3263 corporum
1040 3197 1150 3246 domines
1157 3231 1221 3247 .....

164 3285 189 3339 Ι,
200 3279 234 3327 25
241 3315 248 3338 ,
257 3296 282 3327 n.
295 3282 318 3327 5.
711 3279 826 3336 evadunt,
847 3278 961 3342 graphica
977 3276 1110 3340 descriptio
1123 3277 1227 3325 adscen-

198 3361 258 3408 Car.
272 3361 331 3407 XX.
345 3375 366 3406 1.
381 3358 450 3405 Unde
457 3358 593 3421 periculum
602 3359 668 3406 vide·
711 3375 760 3407 sus.
775 3385 811 3394 —
823 3359 884 3403 Leve
896 3373 1000 3413 saxum,
1013 3355 1094 3415 λιῖονξ
1110 3355 1165 3403 vid.
1180 3354 1225 3405 Sil.

163 3441 246 3495 batur,
265 3439 422 3496 semebatur;
436 3438 483 3485 nisi
496 3437 618 3484 imminere
629 3439 667 3486 vel
711 3441 750 3496 11,
771 3451 833 3496 111,
850 3447 875 3483 et
890 3435 923 3483 ad
940 3435 1052 3484 Juvenal.
1066 3436 1109 3492 ΙΙ,
1125 3448 1171 3482 12.
1191 3460 1229 3471 -

164 3517 295 3564 timendum
307 3516 413 3574 excidit3
427 3519 502 3564 Doer.
513 3543 548 3552 -
561 3516 669 3565 Editissi-
712 3515 789 3565 Prunt'
795 3526 918 3579 sequentes
929 3514 1082 3563 extrahentes
1088 3548 1096 3570 ,
1110 3522 1160 3561 etc.
1176 3512 1228 3561 cle·

165 3596 300 3645 mamurbis
310 3608 421 3659 partem,
430 3612 518 3644 arcem.
529 3597 577 3643 Sed
587 3597 669 3661 potius
712 3595 762 3642 rior
781 3594 860 3643 oratio
878 3595 962 3641 fuisset
974 3608 981 3641 ι
991 3592 1078 3656 primis
1094 3602 1228 3654 sequentes

167 3690 188 3722 e.
201 3675 264 3722 arcis
279 3688 377 3738 partem
394 3676 441 3739 leg.
455 3692 509 3723 cum
522 3677 592 3726 Crev.
606 3677 670 3725 Nam
713 3673 893 3728 extrahentibus
909 3689 984 3720 manu
992 3707 1000 3729 ,
1020 3669 1153 3735 postremis
1170 3670 1229 3719 suli-

168 3753 306 3818 designatur
319 3772 349 3802 ea
362 3753 426 3801 arcis
439 3772 513 3818 pars,
531 3772 581 3818 qua
601 3755 670 3800 inex·
713 3752 843 3801 levantibus
854 3769 893 3800 eus
900 3787 908 3809 ,
917 3762 1005 3799 etc.-
1013 3748 1149 3797 Trucidaus
1161 3748 1228 3797 iner-

163 3834 302 3896 pugnabilis
319 3834 452 3881 videbatur
472 3834 539 3898 (baec
557 3846 613 3881 sunt
633 3851 671 3880 ex·
714 3849 762 3880 ma
768 3868 776 3890 ‚
787 3843 834 3880 etc.
845 3831 978 3880 Horridnn
987 3829 1052 3877 hanc
1064 3838 1143 3892 ceptae
1156 3827 1229 3875 urbis

170 3922 245 3959 uema
263 3912 333 3959 verba
355 3930 407 3977 cap.
429 3911 600 3978 praec.),quia
613 3929 672 3975 rupe
716 3912 904 3976 descriptionem
916 3910 987 3958 multi
1004 3919 1117 3957 auctores
1129 3922 1230 3972 expres·

163 3991 271 4052 praealta
291 3993 427 4054 tegebattir5
444 4009 498 4056 quae
513 4004 592 4041 tamen
612 3992 673 4040 inter
716 4003 814 4040 urunt:
828 3992 883 4039 vide
900 3988 1026 4054 inprimis
1045 3985 1157 4057 tacite,
1174 3986 1231 4035 An·
