2768 4574
180 256 305 364 3:313233
354 278 505 344 maan
535 277 676 343 xxix.
701 277 805 344 cap.
833 279 1010 346 xxxiv.
1137 274 1200 347 51·

155 412 294 494 parato,
312 403 526 467 Hannonem
545 395 752 465 Hamilcaris
768 394 882 464 filium
895 397 1103 491 praeficiunt.
1124 406 1208 471 llas·

156 507 343 578 dr'ubalem
353 505 505 576 subinde
515 529 556 575 ac
565 504 765 600 Syphacem
776 529 841 601 per
849 505 967 576 literas
978 512 1207 607 nuntiosque,

155 634 338 716 postremo
355 619 462 689 etiam
476 642 542 714 per
557 616 707 712 legatos,
723 629 905 686 arcessunt
923 642 930 682 :
948 618 1207 691 Hasdrubalem

156 754 263 826 opem
281 728 373 801 ferre
388 751 501 825 prope
517 728 754 797 circumsessae
771 726 892 823 patriae
908 724 1059 818 jubent:
1076 730 1209 825 Sypha·

157 865 234 911 cem
254 853 375 923 orant,
394 852 436 906 ut
454 836 672 931 Carthagini,
688 849 729 905 ut
745 836 916 905 universae
935 833 1059 905 Africae
1078 836 1209 907 subve-

158 951 241 1018 niat.
254 948 307 1018 Ad
315 948 454 1017 Uticam
469 960 546 1015 tum
560 956 693 1016 castra²
704 946 842 1042 Scipio,
855 942 968 1014 ferme
977 944 1075 1015 mille
1085 970 1209 1042 passus

158 1058 205 1128 ab
223 1057 333 1144 urbe,
354 1055 528 1143 habebat,
542 1056 710 1125 translata
733 1056 877 1143 amari,
897 1053 963 1124 ubi
980 1080 1113 1152 paucos
1135 1057 1211 1129 dies

158 1167 283 1236 stativa
302 1165 494 1259 conjuncta
512 1165 613 1236 classi
631 1163 782 1236 fuerant.
806 1170 954 1250 Hann0,
978 1190 1208 1262 nequaquam

160 1277 242 1345 satis
259 1275 396 1361 valido,
414 1301 488 1344 nou
506 1275 616 1345 modo
638 1275 683 1345 ad
703 1274 949 1345 lacessendum
970 1273 1130 1364 hostem,
1148 1276 1212 1348 sed

160 1410 205 1455 ne
226 1384 270 1455 ad
286 1384 441 1455 tuendos
457 1383 605 1481 quidem
621 1409 641 1454 a
659 1384 954 1481 populationibus
968 1411 1091 1482 agros,
1111 1389 1212 1484 equi·

160 1510 237 1566 tatu
252 1510 414 1592 accepto,
429 1496 467 1565 id
482 1497 644 1565 omnium
660 1496 817 1592 primum
834 1497 923 1591 egit,
935 1510 976 1565 ut
990 1521 1056 1593 per
1068 1498 1213 1594 conqui·
1254 1522 1258 1534 ·

161 1603 349 1677 sitionem³
371 1630 562 1677 numerum
586 1606 750 1701 equitum
771 1620 943 1701 augeret:
969 1631 1036 1677 nec
1064 1608 1211 1677 aliarum

161 1718 321 1811 gentium
346 1715 599 1812 adspernatus,
626 1716 781 1786 maxime
810 1730 928 1786 tamen
952 1717 1124 1788 Numidas
1152 1716 1212 1813 (id

162 1826 267 1922 longe
286 1826 441 1922 primum
460 1826 623 1922 equitum
636 1825 674 1893 in
684 1822 799 1894 Africa
817 1839 870 1894 est
885 1825 1018 1921 genus)
1034 1826 1211 1897 conducit.

161 1942 237 2005 Jam
245 1936 290 2005 ad
299 1934 570 2031 quatuormillia
579 1935 741 2029 equitum
751 1933 923 2020 habebat,
934 1959 1047 2031 quum
1055 1935 1212 2006 Salecam

163 2045 309 2114 nomine
335 2043 485 2114 urhemt
511 2034 720 2138 occupavit,
741 2043 944 2139 quindecim
967 2042 1080 2114 ferme
1105 2044 1214 2114 millia

163 2152 209 2222 ab
228 2154 383 2223 romanis
407 2154 539 2223 castris.
571 2153 680 2241 Quod
699 2151 765 2221 ubi
788 2152 944 2248 Scipioni
963 2153 1117 2223 relatum
1142 2169 1213 2241 est,

163 2293 180 2327 a
193 2264 320 2333 AEstiva
332 2261 399 2332 sub
411 2262 512 2333 tectis
522 2263 702 2358 equitatus
716 2257 749 2328 ⁵!
766 2260 900 2357 inquit:
917 2262 989 2333 sint
1001 2262 1058 2332 rel
1072 2263 1212 2358 plures,

164 2404 180 2439 α
192 2374 279 2444 dum
293 2374 400 2444 talem
418 2373 547 2443 ducem
560 2371 751 2443 habeant».
770 2375 896 2468 quue
914 2374 1032 2442 minus
1052 2372 1120 2443 sibi
1137 2398 1214 2445 ces-

165 2482 314 2554 sandum
332 2499 448 2572 ratus,
464 2510 537 2579 quo
557 2483 607 2553 illi
625 2484 767 2581 segnius
783 2507 859 2553 rem
875 2497 1038 2579 agerent,
1052 2485 1214 2555 Masinis·

166 2615 241 2661 sam
255 2617 338 2661 cum
350 2596 510 2688 equitatu
524 2593 743 2689 praemissum
757 2592 871 2686 portis
885 2591 1095 2685 obequitare
1108 2607 1215 2686 atque

166 2699 307 2770 hostem
322 2701 367 2770 ad
378 2724 536 2797 pugnam
548 2702 674 2770 elicere
681 2699 786 2792 jubet
796 2724 803 2765 :
815 2698 880 2767 ubi
894 2699 1008 2766 omnis
1021 2698 1215 2770 multitudo

168 2832 205 2878 se
217 2805 418 2893 effudisset,
427 2809 638 2902 graviorque
650 2806 724 2900 jam
737 2808 775 2873 in
787 2805 979 2883 certamine
991 2823 1095 2895 esset,
1107 2832 1216 2903 quam

168 2932 209 2987 ut
233 2914 335 2986 facile
361 2916 528 2986 sustineri
552 2928 692 3012 posset,
722 2912 864 2984 cederet
886 2913 1097 3009 paulatim⁶;
1121 2942 1159 2989 se
1179 2919 1216 2987 in

166 3131 281 3198 proefieto
292 3131 397 3189 amissa;
406 3131 471 3181 conf.
481 3130 513 3178 ad
524 3147 577 3195 cap.
587 3146 621 3193 ²9
632 3147 670 3194 pr.
713 3130 823 3187 Salacae5
839 3131 865 3177 in
879 3131 1000 3196 plerisque
1015 3134 1077 3181 MSS
1092 3133 1215 3191 Saleeam,

204 3228 229 3260 u.
242 3211 287 3259 Aa
296 3212 391 3258 Uticam
406 3222 456 3259 tum
469 3222 564 3268 castra,
580 3221 626 3259 etc.
638 3211 670 3259 cf.
713 3210 779 3256 unde
788 3209 870 3274 recepi
881 3226 927 3274 pro
939 3212 1005 3274 vulg.
1014 3213 1135 3269 Saleram,
1151 3213 1218 3277 quod

169 3290 200 3338 ad
212 3308 266 3355 cap.
277 3305 324 3352 29,
337 3307 362 3340 n.
376 3305 398 3339 1.
716 3287 840 3335 substituit
861 3288 899 3335 ed.
911 3289 974 3336 Ven.
993 3306 1033 3338 au.
1051 3291 1118 3354 1495
1137 3307 1218 3339 errore

205 3370 230 3415 3.
251 3373 299 3417 Per
321 3367 539 3433 conquisitionem
563 3367 620 3415 vide
642 3366 674 3415 ad
716 3367 798 3413 forsan
809 3381 945 3430 operarum.
955 3370 985 3414 In
997 3369 1080 3431 paucis
1094 3369 1166 3417 codd.
1176 3371 1220 3417 Sa·

170 3448 246 3504 m,
259 3463 304 3505 11,
314 3464 342 3496 n.
352 3464 431 3496 ro.-
438 3445 491 3492 Nec
500 3445 607 3493 aliarum
613 3461 671 3510 gen·
717 3444 781 3501 leta,
795 3446 914 3502 Soletum,
927 3445 1062 3505 Saletbam,
1073 3449 1192 3512 Salegam.

171 3523 230 3571 tium
239 3525 411 3587 adspernatus,
422 3541 456 3572 ec.
462 3525 562 3588 equites.
574 3524 609 3571 At
616 3523 672 3572 vide
752 3522 776 3571 5.
791 3522 887 3570 AEstiva
899 3524 942 3570 sub
955 3523 1022 3570 tectis
1034 3525 1155 3588 equitatus
1165 3525 1217 3574 scil.

170 3602 202 3649 ad
212 3604 301 3656 tntu,
314 3605 358 3663 13,
370 3620 395 3651 n.
405 3604 430 3652 6.
716 3602 780 3665 agit!
793 3602 1010 3665 Interrogationem
1022 3603 1126 3651 malebat
1141 3605 1218 3652 Grou.

208 3688 231 3735 t.
253 3681 363 3727 Salecam
386 3681 482 3728 nomine
504 3679 599 3735 urbem,
622 3694 673 3727 nou
718 3679 869 3742 «Equieatus
889 3681 942 3729 soil.
963 3680 1111 3744 ugiti’Quid
1129 3682 1219 3731 audio?

171 3760 224 3807 aliis
243 3759 401 3823 scriptoribus
419 3769 585 3818 memoratam,
602 3774 674 3822 quum
717 3759 782 3805 itane
796 3759 889 3822 equites
902 3758 983 3807 aestiva
996 3760 1042 3807 sub
1057 3761 1143 3809 tectis?
1156 3764 1218 3817 Prae,-

172 3841 211 3887 vel
233 3838 314 3904 Λόχαν
342 3840 381 3887 vel
414 3842 537 3888 Θὸλοῦντα
568 3840 677 3905 Appiani
719 3836 812 3884 clarum
833 3836 919 3885 ducem
935 3850 960 3886 et
979 3839 1079 3886 unicum
1096 3852 1219 3891 auctorem

172 3919 234 3965 Pun.
251 3917 281 3964 15
302 3927 327 3964 et
343 3917 372 3963 18
392 3932 444 3963 esse
460 3927 554 3979 putant.
572 3920 602 3965 Iu
619 3919 675 3965 Put.
720 3914 867 3978 disciplinae,
877 3916 920 3979 qui
927 3916 976 3964 boc
986 3915 1111 3981 indulget!
1126 3942 1140 3962 »

173 3996 238 4045 Flou
259 4006 284 4043 et
306 3994 368 4042 Gall.
389 3995 496 4050 Salaeca,
515 4007 540 4043 et
556 4010 610 4058 cap.
633 3993 678 4053 35,
756 3994 781 4041 6.
805 3993 904 4041 cederet
921 3996 1043 4058 parrlatim
1067 4015 1081 4044 e
1110 3998 1221 4063 plurbnb
