2768 4574
195 273 318 382 3:532:
390 297 548 364 LIBER
580 297 721 366 xxvl.
751 299 856 367 css.
885 300 1004 366 xxx.
1165 299 1231 398 175

166 417 263 509 cydis
281 422 583 514 Hippocratisque
596 418 732 487 caedem
749 425 977 515 septuaginta
995 417 1236 494 nobilissimo·

167 550 247 594 rum
253 529 456 622 juvenum²
475 531 758 622 conjurationem
767 531 914 618 factam
924 555 1054 626 ;=quos,
1069 529 1246 603 Marcelli

166 650 268 708 mora
283 633 482 726 destitutos,
498 645 586 737 quia
600 639 653 708 ad
653 640 873 737 praedictum
888 638 1027 737 ternpus
1038 639 1244 714 exercitum

166 748 219 816 ud
229 752 424 842 Syracusas
440 776 512 820 non
530 750 762 835 admovisset,
779 751 1038 842 indiciofacto,
1050 775 1172 826 omnes
1185 755 1235 826 ab

166 866 325 950 qrannis
348 863 568 950 interjectos„
586 865 683 928 Eam
702 883 848 956 quoque
871 863 1103 957 Hippocratis
1124 881 1234 962 atque

164 971 335 1066 Epicydis
360 970 585 1063 tyrannidem
599 969 813 1058 Marcellum
836 970 1030 1059 cacitasse,
1050 978 1234 1047 Leontinis

165 1080 354 1150 crudeliter
372 1083 529 1179 direptis.
552 1086 754 1178 Nunquam
776 1080 907 1152 deinde
920 1087 1105 1181 principes
1125 1089 1232 1179 Syra·

164 1213 380 1259 cusanorum
395 1191 526 1261 desisse
541 1191 595 1260 ad
604 1186 820 1261 Marcellum
836 1199 986 1262 transire
994 1193 1234 1293 pollicerique

163 1324 201 1368 se
220 1300 363 1385 urbem,
383 1326 496 1398 quum
513 1300 638 1391 vellet,
659 1306 696 1370 ei
707 1301 910 1372 tradituros.
931 1303 1005 1372 Sed
1016 1329 1099 1373 eum
1106 1312 1233 1402 primo

162 1415 205 1478 vi
216 1435 345 1507 capere
357 1410 527 1481 maluisse
541 1439 550 1480 :
564 1400 666 1498 dein,
682 1435 795 1506 quum
811 1410 851 1479 id
856 1436 974 1507 neque
988 1408 1081 1481 terra
1089 1467 1098 1498 ,
1115 1413 1233 1510 neque

162 1529 269 1609 mari,
286 1529 409 1593 omnia
426 1536 611 1621 expertus,
619 1528 816 1620 potuisset,
835 1538 997 1592 auctores
1016 1523 1232 1593 traditarum

162 1635 420 1725 Syracusarum
425 1635 583 1726 fabrum
601 1638 772 1703 cerarium
795 1636 910 1702 Sosim
926 1633 1233 1703 etMericumhi-

161 1733 333 1838 spanum,
354 1769 467 1840 quarn
480 1735 666 1840 principes
683 1745 994 1836 Syracusanorum
1012 1740 1163 1830 habere,
1182 1758 1232 1812 to·

162 1860 225 1923 ties
242 1856 283 1924 id
298 1856 546 1951 nequidquam
565 1852 657 1922 ultro
677 1853 880 1947 offerentes,
890 1868 1138 1948 praeoptasse5
1158 1879 1230 1950 quo

161 1963 293 2034 scilicet
303 1968 459 2059 justiore
483 1962 535 2034 de·
551 1985 662 2058 causa
685 1967 1079 2042 vetustissimossocios
1096 1963 1234 2060 popul'

160 2082 305 2143 romani
319 2066 517 2167 trucidaret*
528 2099 572 2143 ac
587 2069 766 2170 diriperetss
783 2075 909 2141 Sinon
920 2076 1163 2165 Hieronymus
1181 2074 1235 2142 ad

160 2185 407 2256 Hannibalem
433 2173 637 2276 defecisset,
664 2183 732 2253 sed
746 2181 907 2279 populus
935 2185 1175 2275 syracusanus
1197 2199 1234 2254 et
1328 2199 1331 2202 ’

135 2387 137 2393 Α
158 2310 319 2384 senatus,
335 2301 368 2365 si
371 2311 503 2392 portas>
510 2285 683 2364 Marcello
693 2296 913 2387 Syracusani
914 2290 1082 2388 publice,
1098 2309 1133 2363 et
1143 2319 1228 2382 non,

160 2411 335 2501 oppressis
357 2409 609 2499 Syracusanis,
632 2409 777 2498 tyranni
796 2428 920 2472 eorum
939 2407 1232 2499 Hippocrateset

159 2515 353 2609 Epicydes,
369 2514 592 2603 clausissent,
607 2522 641 2585 si
653 2514 1001 2610 Carthaginiensium
1016 2520 1147 2585 animis
1162 2515 1230 2586 bel-

159 2621 234 2694 lum
249 2624 485 2722 cumpopulo·
495 2650 647 2725 romano
659 2631 850 2720 gessissent
856 2652 869 2710 ;
881 2623 973 2719 quid
985 2622 1095 2710 ultra,
1114 2650 1227 2721 quarn

159 2735 261 2828 quod
264 2736 412 2823 fecerit,
430 2741 501 2804 nisi
515 2752 555 2805 ut
574 2735 708 2806 deleret
724 2738 937 2828 Syracusas,
946 2735 1077 2822 facere
1091 2734 1228 2804 hostili·

159 2843 440 2914 ter-Marcellum
448 2849 638 2942 potuisse?
660 2849 760 2916 Certe
769 2860 909 2941 prater
924 2849 1058 2912 moenia
1078 2861 1113 2913 ec
1136 2860 1226 2914 tecta

134 3021 136 3027 .
158 2953 339 3024 exhausta
354 2951 473 3024 urbts³
490 2970 526 3023 et
536 2958 691 3045 refrmm
706 2980 750 3025 ac
763 2952 919 3050 spoliata
933 2952 1042 3021 deum
1058 2951 1225 3040 delubra,

157 3065 226 3134 diis
246 3070 330 3162 ipsis
344 3071 636 3161 ornamentisque
655 3090 779 3135 eorum
797 3063 944 3149 ablatis,
964 3060 1059 3132 nihil
1066 3062 1226 3133 relictum

98 3170 99 3173 ¹
156 3178 339 3268 Syracusis
354 3201 439 3246 esse.
451 3181 555 3245 Bona
572 3201 717 3272 quoque
729 3174 849 3245 multis
864 3174 1052 3270 adempta,
1071 3178 1121 3242 ita
1132 3190 1228 3244 utne

157 3285 255 3371 nudo
271 3288 418 3383 quidem
434 3284 511 3357 solo
528 3285 687 3382 reliquiis
702 3286 1025 3381 direptoefhrtunoe
1040 3282 1136 3354 alere
1151 3310 1228 3356 sese

157 3498 667 3563 querius,significantiusest;nDoering.
712 3514 779 3559 rum,
801 3499 952 3564 honorum);
970 3500 1004 3547 ita
1025 3510 1052 3546 ut
1074 3516 1105 3546 ne
1129 3499 1228 3562 quidem

192 3594 216 3624 2.
233 3580 303 3625 LXX
317 3579 519 3627 nobilissimorum
532 3579 666 3644 jitvenuns,
712 3579 776 3627 olere
789 3595 815 3626 se
827 3596 855 3626 ac
867 3596 925 3626 suos
934 3579 974 3625 his
985 3579 1094 3643 possint,
1105 3579 1171 3642 quod
1181 3595 1227 3627 cae·

156 3657 269 3705 etaVid.
282 3660 366 3716 XXV,
379 3661 420 3706 23.
712 3659 826 3722 teroquin
841 3658 946 3705 faciendi
961 3673 1016 3722 spes
1027 3658 1126 3716 fuisset,
1139 3659 1185 3706 nisi
1199 3675 1227 3706 en

193 3737 216 3783 3.
234 3737 307 3782 Tecta
325 3736 446 3784 exhausta
463 3738 545 3794 nrbis;
563 3736 621 3784 vide
637 3736 669 3784 ad
713 3752 811 3801 quoque
830 3737 961 3793 Marcellus
978 3738 1004 3782 in
1020 3736 1147 3799 publicum
1163 3738 1229 3785 rede·

156 3816 194 3873 X,
207 3821 289 3872 44,η.
302 3830 324 3862 1.
340 3842 374 3850 -
388 3818 459 3862 Bona
473 3832 569 3880 quoqne
586 3815 669 3864 multis
714 3818 801 3880 gisset;
822 3815 897 3862 Drak.
920 3816 1004 3862 Multis
1026 3816 1088 3863 adeo
1110 3817 1228 3880 adcncpta

156 3894 284 3956 adempta,
305 3893 382 3954 aedes,
395 3911 466 3958 agros
483 3897 530 3960 (cf.
541 3912 595 3958 cap.
607 3897 668 3960 αι),
714 3896 791 3951 bona,
804 3908 875 3956 agros
886 3904 910 3939 et
919 3895 1098 3957 possessiones,
1109 3894 1145 3943 ita
1158 3908 1186 3941 ut
1196 3911 1227 3942 ne

156 3973 219 4030 sive,
235 3983 263 4019 ut
283 3988 342 4020 mox
362 3985 449 4030 vocat,
466 3974 558 4020 nudum
574 3975 652 4021 solum
659 4009 667 4031 ,
714 3973 779 4020 nudo
791 3972 888 4036 quidem
898 3973 949 4019 solo
956 4007 963 4029 ,
975 3973 1000 4018 in
1011 3974 1093 4020 vacuis
1102 3985 1126 4020 ct
1136 3974 1227 4039 exhau-

156 4053 271 4117 reliquias
290 4054 392 4118 direpte
407 4052 519 4123 fortuna
541 4053 669 4118 (fortuna·
714 4053 759 4100 stis
771 4051 877 4110 adibus,
887 4069 941 4115 quae
954 4052 1012 4100 solae
1025 4051 1071 4099 sibi
1084 4068 1115 4100 ex
1125 4053 1227 4118 direptis
