2768 4574
178 325 302 435 3232]ss
384 348 535 415 niune
566 349 706 415 xxrx.
734 350 838 416 cnr.
865 351 968 416 xix.
1134 347 1203 431 483

155 466 291 564 plinarn
308 466 516 554 militarem,
545 491 704 563 arguere.
730 470 788 536 Sic
805 483 841 540 et
862 473 899 536 in
918 472 1099 564 Hispania
1118 467 1203 564 plus

147 601 267 674 prope
272 601 346 674 per
359 577 568 647 seditionem
583 575 734 646 militum
741 630 751 662 ,
765 600 876 672 quom
894 574 1000 662 bello,
1018 582 1200 647 omissum.

156 691 317 757 Entemo
336 702 372 756 et
388 692 484 781 regio
506 710 606 756 more
620 702 656 756 et
671 685 853 780 indulgere
869 684 1019 756 licentice
1034 686 1203 769 militum,

157 812 194 866 et
207 801 329 866 saevire
343 801 380 865 in
393 820 463 866 eos.
485 796 704 870 Sententiam
719 794 849 865 deinde
861 818 963 889 aeqne
975 808 1115 865 trucem
1129 789 1205 866 ora·

158 905 248 976 tioni
269 903 410 1001 adjecit.
436 904 653 996 Pleminium
680 904 835 999 legatum
864 909 1024 972 vinctum
1052 908 1208 973 Romam

136 1073 139 1076 .
159 1014 341 1112 deportari
348 1014 513 1111 placere,
535 1029 571 1083 et
586 1038 634 1083 ex
653 1011 807 1084 vinculis
825 1038 973 1083 causum
991 1013 1107 1084 dicere
1113 1042 1126 1100 ,·
1143 1041 1207 1101 oc,

158 1130 192 1194 si
205 1125 440 1214 verasorent,
456 1148 541 1220 quse
556 1129 745 1194 Locrenses
760 1138 998 1220 quererentur,
1014 1128 1051 1191 in
1068 1148 1209 1194 carcere

160 1239 296 1320 necari,
322 1233 488 1329 bonaque
514 1234 590 1327 ejus
599 1232 794 1330 publicari.
815 1237 857 1302 P.
872 1235 1088 1329 Scimbnnm,
1110 1235 1211 1330 qnod

160 1341 206 1412 de
220 1347 411 1439 provincia
435 1338 657 1413 decessisset³
682 1345 817 1436 injussu
840 1359 1002 1429 senatus,
1030 1349 1188 1413 revocari
1198 1373 1211 1429 ,-

160 1457 291 1548 agique
310 1477 392 1520 cum
410 1451 559 1522 tribunis
568 1450 705 1548 plebis,
727 1466 768 1519 nt
781 1451 827 1520 de
843 1456 990 1546 imperio
1008 1453 1084 1545 ejus
1100 1452 1208 1522 abro-

157 1560 429 1656 gandoferrent
443 1562 496 1630 ad
503 1559 696 1658 populum.
715 1560 949 1631 Locrensibus
965 1585 1087 1630 coram
1103 1587 1210 1632 senn-

161 1686 236 1739 tum
250 1659 476 1767 respondere:
491 1673 591 1761 Quos
603 1672 753 1764 injurios
764 1669 959 1758 sibifactas
970 1688 1210 1766 quererentur,

162 1802 223 1848 eos
240 1803 356 1876 neque
372 1794 552 1863 senatum,
564 1803 680 1875 neque
688 1777 871 1875 populum
886 1779 1077 1849 romonum
1086 1779 1213 1870 siictas

160 1886 261 1958 velle.
286 1893 388 1959 Viros
407 1889 518 1958 bonos
534 1894 718 1985 sociosque
736 1904 772 1957 et
784 1893 919 1958 amicos
937 1913 997 1958 eos
1013 1890 1210 1986 appellari:

163 1995 305 2084 liberos,
321 2001 500 2093 conjuges,
515 2023 670 2095 quaeque
686 1996 760 2067 alin
777 2014 898 2094 erepta
911 2014 1044 2085 essent,
1059 2005 1195 2069 restitui
1201 2026 1212 2067 .·

154 2112 368 2202 pecuniam,
387 2123 526 2203 quanta
550 2131 599 2176 ex
623 2107 797 2177 thesauris
821 2112 1047 2204 Proserpinae
1071 2108 1215 2179 sublata

163 2231 271 2302 esset,
297 2222 475 2313 conquiri,
503 2214 725 2313 duplamque
741 2221 940 2313 pecuniam
967 2222 1003 2285 in
1030 2218 1215 2317 thesauros

162 2330 310 2421 reponi:
325 2340 362 2394 et
374 2324 824 2420 sacrumpiitoulorefieri‚
841 2330 890 2394 ito
909 2341 950 2394 ut
957 2332 1064 2422 prius
1082 2328 1135 2398 ad
1150 2320 1216 2399 colss

163 2432 295 2528 legium
300 2436 517 2532 pontficum
531 2435 728 2523 referretur,
739 2436 940 2531 quodsncri
952 2437 1112 2507 thesauri
1118 2445 1215 2525 moti,

162 2533 291 2612 uiolati
299 2561 428 2631 essent,
440 2542 693 2641 quaepiocula,
709 2545 839 2640 quibus
851 2546 930 2632 diis,
943 2546 1074 2641 quibus
1083 2548 1216 2632 hostiis,

152 2651 245 2743 fieri
247 2649 419 2747 placeret.
435 2652 582 2737 Milites,
597 2658 664 2749 qui
677 2657 794 2723 Locris
807 2670 937 2738 essent,
950 2679 1072 2725 omnes
1084 2661 1121 2725 in
1137 2660 1220 2726 Sici-

165 2755 252 2826 linm
277 2765 538 2854 transportari:
561 2776 720 2854 quatuor
739 2760 900 2830 cohortes
919 2766 1096 2832 sociorum
1117 2763 1221 2833 latini

165 2872 319 2965 nominis
334 2872 371 2935 in
375 2867 591 2963 proesidium
600 2871 730 2936 Locros
745 2867 889 2936 adduci.
901 2868 1085 2963 Perrogari
1103 2893 1147 2937 eo
1161 2868 1219 2939 die

165 2976 382 3062 sententiani,
397 2975 553 3046 accensis
577 2973 705 3045 studiis
722 2999 789 3071 pro
808 2976 975 3072 Scipione
995 2991 1030 3045 et
1051 2977 1221 3049 adversus

71 3113 73 3119 ·
165 3086 387 3181 Scipionem,
400 3110 475 3155 non
491 3098 655 3181 potuere.
673 3088 805 3154 Praeter
821 3085 982 3155 Plerninii
998 3083 1134 3157 facinus
1149 3093 1220 3158 Lo-

166 3197 418 3291 crensiumque
441 3193 598 3282 cladem,
624 3195 740 3292 ipsius,
761 3197 866 3265 etiarn
895 3196 1119 3293 imperatoris
1145 3223 1221 3268 non

165 3328 336 3377 romanus
351 3302 480 3393 mode,
495 3303 558 3376 sed
572 3329 619 3376 ne
637 3305 800 3376 militaris
816 3305 963 3401 quidem
981 3305 1097 3378 cultus
1113 3307 1222 3402 jacta·

166 3520 195 3577 6,
207 3520 401 3567 nli-Natum
412 3535 466 3567 eum
476 3519 513 3566 nd
522 3534 673 3582 corrumpen·
716 3536 789 3584 supra
801 3519 832 3567 nd
845 3520 889 3569 lib.
906 3523 996 3579 XXII,
1016 3538 1070 3585 cap.
1084 3522 1130 3578 25,
1144 3539 1170 3569 n.
1183 3539 1220 3571 ro.

167 3598 225 3644 dam
244 3597 395 3661 disciplinam
414 3598 558 3655 militarem,
580 3609 607 3645 ut
628 3597 672 3644 lib.
752 3606 776 3653 4.
786 3599 918 3662 Perrogari
930 3615 958 3646 eo
972 3599 1013 3646 die
1024 3599 1160 3658 sententio,
1175 3613 1221 3650 etc.

168 3678 317 3732 Klima
328 3693 365 3740 pr.
379 3676 673 3742 Confisuprnndlibrnm
716 3676 767 3725 vid.
778 3678 897 3736 xxxn,
909 3679 956 3735 23,
974 3694 998 3725 n.
1013 3693 1034 3725 r.
1052 3704 1088 3713 -
1106 3679 1163 3726 Non
1182 3697 1221 3726 rn-

168 3756 201 3813 V,
215 3771 268 3818 cnp.
282 3755 324 3813 37,
335 3771 360 3801 n.
370 3757 395 3802 6.
717 3771 803 3801 manus
812 3754 897 3810 modo,
912 3755 957 3802 sed
965 3771 995 3802 ne
1004 3755 1117 3808 militaris
1127 3758 1223 3820 quidem

206 3832 229 3878 3.
240 3834 268 3879 P.
278 3830 424 3894 Scipionem,
437 3833 675 3897 quoddeprovincia
720 3833 812 3888 cultus,
832 3832 941 3890 habitus,
961 3834 1075 3893 vestitus,
1095 3853 1126 3884 nc
1146 3837 1223 3885 milite

168 3926 225 3968 cua,
239 3909 332 3966 Sicilia,
341 3909 536 3968 decessisset,.ob
549 3911 676 3976 spemlpsi
720 3911 832 3974 quidem,
845 3911 937 3958 nedum
950 3927 1052 3960 romano
1067 3912 1171 3979 stignus,
1180 3916 1223 3980 jn·

171 3989 271 4047 factem,
280 3991 372 4035 Locros
379 3988 524 4052 recipiendi;
533 3990 583 4038 vid.
591 4007 643 4054 cap.
651 3989 676 4037 6.
720 3990 848 4045 ctabntur;
860 3989 916 4037 vide
930 4006 1003 4055 snpra
1014 3991 1045 4039 ad
1059 3994 1086 4050 1,
1100 4000 1146 4050 to,
1160 4011 1184 4041 n.
1203 4010 1225 4049 ι,

170 4093 206 4106 --
219 4068 256 4112 De
271 4065 371 4130 imperio
383 4065 433 4130 ejus
446 4068 602 4131 abrogandos
620 4068 676 4114 virle
720 4079 744 4113 et
757 4070 792 4123 11,
809 4082 854 4126 ω,
866 4084 890 4113 η,
903 4084 926 4127 7.

992 4153 1053 4225 31.
