2768 4574
183 320 244 417 tt:
259 318 305 423 332
335 337 428 402 tm.
453 334 1089 408 XXV111.eAP.XXI11.xX1V.
1142 340 1210 412 385

52 482 55 497 ·
156 454 363 555 praefectum
377 467 552 550 coegerat.
566 451 652 521 Fide
665 468 810 550 accepta
821 453 975 551 dataque
985 456 1159 556 perfugis,
1175 477 1212 531 et

156 566 311 638 Marcius
327 589 372 635 eo
393 588 476 634 cum
496 562 671 660 expeditis
690 562 920 652 cohortibus,
940 579 975 635 et
988 568 1114 640 Laelius
1129 596 1212 642 cum

157 692 294 772 septem
313 673 535 760 triremibus,
553 674 807 768 quinqueremi
822 698 916 762 una,
936 689 989 743 est
1007 679 1154 770 missus,
1172 698 1213 752 ut

157 799 252 856 terra
266 786 429 880 marique
447 784 632 853 communi
650 782 801 853 consilio
819 807 897 853 rem
916 800 1090 879 gererent.

205 896 332 964 XXIV.
344 893 461 988 Scipio
475 893 551 988 ipse
564 893 661 988 gravi
674 891 805 981 morbo
814 891 1042 988 implicitus¹,
1053 898 1211 990 graviore

157 1015 279 1071 tamen
293 1000 401 1088 fama,
418 1026 530 1097 quum
546 1001 590 1071 ad
604 1001 641 1072 id
653 1003 824 1098 quisque,
835 1002 935 1099 quod
951 1003 1127 1093 audierat,
1147 1008 1215 1103 (in-

158 1112 224 1180 sita
246 1110 433 1181 hominum
456 1111 605 1182 libidine
626 1112 744 1183 alendi
769 1112 814 1183 de
837 1104 1012 1183 industria
1034 1120 1214 1213 rumores)

158 1219 328 1313 adjiceret
341 1219 495 1316 aliquid,
514 1222 736 1318 provinciam
749 1245 894 1293 omnem
915 1247 956 1293 ac
974 1224 1127 1294 maxime
1141 1225 1217 1295 lou·

158 1330 291 1425 ginqua
309 1329 387 1423 ejus
409 1331 585 1417 turbavit,
608 1333 865 1429 apparuitque,
891 1348 1064 1429 quantam
1083 1338 1215 1413 excita·

159 1453 240 1508 tura
254 1438 409 1510 molem²
428 1465 511 1511 vera
529 1439 653 1511 fuisset
673 1440 808 1528 clades,
831 1467 946 1538 quum
961 1468 1073 1513 vanus
1090 1470 1216 1516 rumor

160 1562 276 1619 tantas
285 1550 460 1646 procellas
470 1551 664 1620 excivisset.
679 1553 763 1620 Non
778 1553 865 1622 socii
874 1553 912 1620 in
923 1552 1013 1640 fide,
1027 1579 1103 1624 non
1118 1580 1217 1627 exer-

161 1660 251 1729 citus
263 1661 300 1729 in
314 1657 434 1730 officio
449 1663 589 1740 mansit.
601 1658 819 1730 Mandonius
831 1677 867 1731 et
876 1661 1056 1750 Indibilis,
1066 1663 1216 1759 quibus,

161 1771 245 1867 quia
274 1795 428 1868 regnum
455 1770 523 1841 sibi
549 1771 748 1867 Hispaniae,
774 1771 887 1867 pulsis
915 1770 1001 1842 inde
1029 1773 1217 1871 Carthagi-

160 1879 364 1969 niensibus,
383 1881 604 1952 destinarant
622 1880 765 1967 animis,
782 1879 869 1956 nihil
889 1905 1035 1977 prospe
1052 1884 1216 1980 contige-

160 2004 234 2076 rat,
252 1991 438 2060 concitatis
454 1988 706 2086 popularibus,
724 1991 891 2060 Lacetani
909 2003 1029 2060 autem
1046 2007 1163 2079 erant,
1182 2003 1218 2062 et

159 2097 350 2191 juventute
374 2098 639 2169 Celtiberorum
660 2101 793 2188 excita,
818 2124 943 2196 agrum
969 2116 1216 2172 suessetauum
1287 2181 1292 2189 ,

162 2205 447 2304 sedetanumque
465 2211 645 2279 sociorum
663 2209 791 2306 populi
808 2211 948 2280 romani
963 2209 1141 2281 hostiliter
1160 2211 1220 2282 de-

162 2317 325 2414 populati
348 2333 444 2390 sunt.
465 2318 585 2388 Civilis
599 2319 687 2388 alius
707 2315 827 2389 fur0r³
843 2321 881 2389 in
896 2321 1018 2390 castris
1034 2320 1078 2391 ad
1094 2326 1220 2392 Sucro-

196 2493 260 2540 Ctr.
275 2492 372 2538 mv.
395 2508 417 2538 1.
434 2491 513 2555 Scipio
531 2491 581 2554 ipse
596 2490 668 2554 gravi
712 2491 785 2536 fuisse
797 2490 937 2550 videantur,
955 2500 979 2537 et
997 2506 1046 2537 vox
1065 2502 1146 2538 autem
1163 2491 1188 2539 h.
1201 2493 1218 2538 I.

163 2571 245 2616 morbo
262 2569 577 2632 implicitus....turbavit,
596 2569 622 2618 h.
645 2585 667 2617 e.
712 2568 778 2615 hand
788 2569 922 2616 necessaria
931 2568 974 2624 sit,
989 2571 1059 2618 Crev.
1069 2571 1134 2630 conj.
1144 2573 1221 2616 Lace-

164 2648 243 2719 gravis
253 2648 374 2710 Scipionis
384 2649 495 2706 morbus,
503 2661 548 2696 etc.
559 2651 596 2695 De
607 2665 669 2696 mor·
713 2648 767 2694 tani
780 2659 804 2694 et
816 2648 931 2713 Ilergetes
945 2658 1022 2692 erant.
1040 2646 1132 2692 Contra
1146 2649 1220 2696 Drak.

164 2725 198 2771 bo
216 2725 267 2784 ejus
284 2736 308 2772 et
325 2728 445 2774 exercitus
459 2727 592 2783 seditione,
603 2727 668 2772 conf.
713 2737 809 2783 monet,
828 2726 854 2774 τὸ
868 2735 950 2771 autem
967 2722 995 2767 iu
1008 2721 1082 2767 simili
1094 2723 1220 2772 locutione

164 2802 271 2865 Appian.
286 2803 357 2865 Hisp.
376 2805 408 2858 34
428 2821 464 2866 sq.
479 2816 503 2851 et
518 2804 605 2869 Polyb.
616 2806 669 2861 XI,
714 2802 824 2849 adhiberi
832 2804 893 2859 VII,
903 2807 934 2852 tr
946 2810 1007 2845 extr.
1019 2809 1044 2845 et
1056 2800 1221 2849 Mandonium

165 2882 197 2927 25
210 2897 247 2943 sq.
261 2880 425 2927 -Graviore
438 2881 669 2945 tamcnfamaexsi-
713 2878 892 2939 Indibilemque
906 2875 1025 2922 ambobus
1044 2876 1107 2924 forte
1122 2881 1222 2942 populis

165 2970 257 3018 stente,
269 2959 303 3006 ita
323 2971 416 3016 tamen,
433 2970 462 3006 ut
479 2960 541 3005 fama
557 2959 669 3005 morbum
715 2956 802 3004 vicinis
810 2955 1036 3018 praefuisse,saltem
1042 2966 1171 3020 utrumqne
1178 2975 1223 3006 sae·
1306 2990 1309 2997 -

164 3039 234 3085 illum
252 3049 362 3102 augeret,
374 3037 451 3085 multu
469 3039 604 3100 graviorem
624 3037 671 3084 dif—
714 3036 770 3100 pius
783 3035 814 3082 ad
829 3033 985 3082 rebellionem
996 3033 1138 3096 pellexisse,
1154 3037 1185 3082 cf.
1198 3053 1221 3083 c.

165 3119 251 3176 ferret,
271 3134 318 3182 pro
341 3117 451 3174 libidine,
471 3133 525 3180 quae
543 3116 617 3163 insita
636 3125 672 3162 est
716 3113 1219 3176 nqetit.Recte,arbitror;ethincetiam

165 3196 300 3244 horninibus
305 3215 315 3253 ;
324 3199 397 3244 Doer.
408 3223 442 3232 -
457 3194 616 3259 Longinqua,
631 3210 672 3242 re·
716 3196 743 3246 τὸ
752 3205 833 3241 autem
845 3193 996 3256 aptissimum
1006 3192 1032 3240 h.
1044 3193 1061 3239 l.
1075 3192 1222 3241 videtur-—

166 3276 268 3323 motiora
283 3276 344 3323 loca.
717 3276 747 3321 In
772 3289 858 3338 agrum
886 3284 1048 3319 suessctartum
1072 3271 1223 3319 sedetanum-

201 3370 225 3401 2.
239 3356 361 3416 Quantam
369 3353 507 3401 excitatura
518 3353 617 3409 molem,
627 3367 674 3398 ma·
717 3368 777 3415 qne,
792 3361 837 3400 etc.
850 3350 988 3398 Suessetani
998 3351 1023 3396 h.
1035 3350 1053 3396 l.
1064 3349 1126 3396 socii
1133 3352 1222 3398 Roma·

167 3431 319 3494 gnitudinem
341 3432 571 3495 multitudinemque
590 3430 672 3478 turba·
717 3446 817 3486 norum,
831 3440 856 3477 at
865 3430 949 3486 XXV,
963 3429 1006 3486 34,
1022 3427 1143 3475 Indibilis.
1159 3429 1222 3476 Mira

167 3526 221 3555 rum
237 3509 280 3573 (v.
295 3512 362 3570 adl,
376 3514 418 3571 38,
430 3529 456 3558 n.
465 3509 497 3573 l)
517 3525 579 3556 vera
603 3509 675 3556 uisset
716 3509 827 3572 profecto
837 3509 863 3554 in
869 3508 908 3555 his
917 3519 953 3555 est
960 3507 1106 3564 obscuritas,
1116 3517 1140 3553 et
1152 3523 1223 3569 qnam

168 3587 262 3643 clades,
282 3588 568 3649 calamitas,jactura‚h.
583 3605 604 3634 e.
620 3587 673 3652 ipsa
717 3603 748 3633 ue
767 3587 837 3633 LIvio
858 3585 956 3648 quidem
973 3585 1031 3632 satis
1053 3596 1136 3631 notam
1151 3585 1225 3633 fuisse

168 3681 233 3712 mors
250 3668 343 3714 funesta
353 3668 490 3731 Scipionis,
499 3678 527 3714 ut
539 3669 578 3723 ΙΙ,
590 3667 630 3713 36.
638 3692 674 3701 -
718 3667 829 3714 exIstimo
839 3683 845 3725 ;
857 3667 923 3713 Glar.
936 3670 1008 3712 Forte
1022 3663 1170 3722 Suessetani,
1183 3675 1224 3712 aut

173 3747 264 3790 Tantas
273 3746 477 3807 procellas5vide
491 3746 522 3792 ad
531 3748 567 3805 11,
582 3761 638 3805 1,n.
649 3745 673 3793 5.
718 3761 774 3810 pars
797 3761 896 3803 corum,
924 3743 1012 3806 saepius
1036 3741 1175 3789 defecerunt
1193 3742 1224 3789 ad

168 3850 203 3858 -
217 3823 348 3871 Concitatis
362 3824 534 3888 popularibus,
560 3824 676 3872 Lacetani
719 3827 856 3881 Romanos,
874 3824 919 3870 etsi
936 3821 1008 3869 semel
1029 3820 1055 3866 id
1080 3833 1225 3869 memoratur

169 3914 251 3948 teretem
262 3913 344 3958 erant,
361 3902 527 3966 asmantiae,
540 3915 585 3952 etc.
600 3919 675 3967 quum
720 3904 847 3962 xxm,
859 3917 900 3948 ao.
911 3901 949 3949 Cf.
959 3900 990 3946 ad
1000 3916 1021 3945 c.
1038 3900 1079 3956 31,
1089 3914 1114 3946 n.
1129 3900 1152 3945 3.

169 3981 296 4044 Ilergetes,
306 3996 356 4027 nou
366 3982 490 4040 Lacetani,
503 3994 567 4030 certe
578 3982 605 4029 hi
622 3996 674 4029 non
755 3983 778 4028 3.
797 3978 875 4027 Civilis
887 3979 1041 4043 aliasfuror,
1061 3977 1148 4025 seditio
1162 3979 1226 4030 mili·

169 4059 229 4118 soli,
239 4059 368 4125 populares
378 4059 488 4108 Indibilis
496 4061 673 4124 Mandoniique
718 4071 778 4107 tum.
790 4059 852 4106 Mox
865 4057 932 4104 dubii
944 4056 1017 4104 allati
1027 4055 1107 4102 nuntii
1118 4072 1149 4103 ex
1163 4057 1227 4118 opti-

295 4149 336 4211 V.
1015 4137 1059 4210 25
