2768 4574
174 283 235 384 ,5223
251 297 297 392 3212
364 295 463 371 nra.
491 304 638 371 xxvi.
666 302 774 373 car.
800 307 906 397 rvr.
934 306 1063 375 xvir.
1148 307 1215 392 saa

149 427 278 496 civium
296 426 463 523 dissipata
477 427 514 494 in
528 424 663 495 nullam
678 448 779 520 spem
790 424 926 497 reditus
938 482 947 515 ,
964 423 1040 497 non
1053 429 1215 499 saevitnm

146 536 321 608 incendiis
335 539 523 633 ruinisque
533 537 570 605 in
583 548 677 606 tecta
691 535 838 604 innoxia
851 560 1066 633 murosque;
1085 538 1214 608 etcum

147 647 394 718 emolumento
405 648 552 744 quaesita
562 646 669 721 etiam
680 645 776 742 apud
788 644 1068 718 socioslenitatis
1078 649 1214 745 species

145 759 392 830 incolumitate
408 756 506 828 urbis
520 755 751 828 nobilissimae
766 755 1135 853 opulentissimaque,
1151 765 1212 830 cu‘·

143 867 201 962 jus
217 870 331 939 ruinis
352 869 471 938 omnis
486 869 699 964 Campania,
721 890 870 950 omnes,
890 866 955 961 qui
978 869 1211 964 Campaniam

143 979 239 1049 'circa
265 977 455 1061 accolunt,
481 977 609 1074 populi
631 977 890 1075 ingemuissent
913 1003 920 1044 :
945 975 1123 1048 confessio
1148 1004 1210 1049 ex-

144 1111 266 1184 pressa
288 1087 406 1170 hosti,
431 1103 567 1183 quanta
586 1089 639 1157 vis
665 1089 703 1156 in
726 1088 897 1158 Romanis
923 1086 968 1156 ad
993 1089 1211 1184 expetendas

144 1223 271 1296 poenas
281 1197 326 1268 ab
339 1196 547 1268 infidelibus
560 1199 680 1283 sociis,
693 1211 729 1268 et
744 1200 853 1294 quarn
864 1195 952 1265 nihil
963 1197 1001 1266 in
1010 1196 1213 1270 Hannibale

143 1306 265 1377 auxilii
284 1305 328 1376 ad
346 1322 512 1404 receptos
527 1309 565 1376 in
583 1306 692 1378 fidem
709 1306 866 1378 tuendos
886 1319 990 1378 esset.

191 1421 303 1488 XVII.
319 1419 472 1488 Romani
490 1421 628 1504 Patres,
646 1414 845 1516 perfuncti,
865 1416 963 1513 quod
989 1417 1033 1488 ad
1052 1420 1209 1515 Capuam

143 1525 335 1615 attinebat,
352 1552 455 1613 cura,
476 1532 514 1598 C.
529 1529 667 1599 Neroni
684 1553 729 1598 ex
748 1529 789 1598 iis
808 1526 970 1597 duabus1
987 1527 1211 1626 legionibus,

143 1662 232 1735 quas
247 1639 291 1708 ad
306 1643 466 1736 Capuam
487 1636 681 1722 habuerat,
697 1663 760 1709 sex
778 1637 889 1707 millia
904 1637 1067 1735 peditum
1083 1653 1119 1709 et
1137 1653 1210 1711 tres

142 1763 267 1819 centos
282 1749 437 1844 equiteS,
451 1773 544 1845 qnos
558 1749 636 1845 ipse
647 1748 810 1846 legisset,
827 1763 863 1818 et
878 1749 1018 1820 socium
1031 1748 1133 1819 latini
1144 1756 1209 1821 no'·

139 1860 247 1930 minis
258 1859 422 1958 peditum
437 1884 631 1929 numerum
645 1883 771 1956 parem
785 1873 821 1929 et
833 1859 1060 1955 octingentos
1071 1861 1210 1956 equites

141 1970 355 2041 decernunt.
365 1975 456 2040 Eum
467 1971 663 2040 exercitum
671 1969 828 2040 Puteolis
836 1969 874 2038 in
882 1994 991 2040 naves
1000 1971 1209 2067 impositum

141 2084 238 2153 Nero
262 2081 300 2150 in
319 2081 527 2177 Hispaniam
544 2080 811 2175 transportavit.
829 2083 952 2169 Quum
969 2084 1209 2164 Tarraconem

40 2217 41 2221 ¹
139 2191 291 2262 navibus
313 2192 493 2277 venisset,
516 2190 758 2286 expositisque
782 2188 833 2260 ibi
858 2191 971 2287 copiis
996 2204 1032 2261 et
1057 2191 1209 2263 navibus

137 2297 326 2374 'subductis
341 2313 368 2388 ²,
396 2303 511 2372 socios
535 2325 684 2397 quoque
712 2300 853 2371 navales
874 2298 1119 2372 multitudinis
1145 2329 1207 2374 au·

137 2412 263 2509 gendae
286 2438 392 2484 causa
413 2425 602 2498 armasset;
623 2408 806 2507 profectus
827 2411 872 2480 ad
887 2409 1033 2481 Iberum
1048 2410 1205 2499 flumen,

139 2526 334 2594 exercitum
346 2549 365 2593 a
375 2527 411 2593 T.
422 2523 573 2593 Fonteio
584 2535 619 2592 et
628 2526 669 2591 L.
680 2523 816 2591 Marcio
827 2523 965 2618 accepit
975 2548 982 2591 ε
994 2520 1080 2592 inde
1090 2525 1206 2621 pergit

138 2633 184 2703 ad
197 2633 320 2706 hostes
337 2637 400 2705 ire.
416 2631 618 2704 Hasdrubal
632 2628 864 2703 Hamilcaris³
880 2632 925 2701 ad
940 2631 1093 2729 Lapides
1110 2649 1207 2706 atros
1231 2697 1234 2701 .

138 2757 251 2815 castra
265 2742 422 2814 habebat
441 2745 481 2813 in
493 2744 703 2830 Ausetanis3
723 2743 751 2811 is
771 2741 870 2812 locus
889 2756 943 2812 est
959 2745 1053 2813 inter
1072 2744 1213 2842 oppida

136 2852 314 2951 Illiturgin
328 2855 583 2929 etMentissam
596 2883 603 2924 :
617 2854 727 2948 hujus
740 2853 850 2923 saltus
865 2851 984 2923 lauces
993 2857 1089 2925 Nero
1101 2881 1206 2927 occu·

170 3022 231 3071 Car.
239 3024 323 3070 XVII.
335 3037 356 3068 1.
369 3019 463 3068 Neroni
471 3037 503 3067 ex
514 3021 542 3068 iis
551 3021 646 3068 duabus
691 3021 754 3068 inter
772 3021 863 3084 oppida
881 3021 1003 3086 Illiturgin
1022 3036 1046 3070 et
1061 3024 1204 3074 Mentissam

135 3102 281 3167 lemenebus,
304 3114 364 3160 ete,
377 3116 450 3146 unam
464 3110 559 3146 tantum
571 3100 647 3163 legIo-
690 3099 764 3165 (vide
778 3101 809 3147 ad
819 3103 895 3159 XXI,
913 3114 960 3160 11,
971 3119 996 3150 n.
1011 3119 1042 3165 9,
1058 3115 1083 3151 et
1100 3106 1204 3166 XXIII,

134 3197 190 3229 nem
203 3182 309 3245 primum
323 3179 409 3227 habuit
429 3178 501 3243 (vide
518 3179 603 3236 XXV,
617 3178 646 3236 33
692 3187 739 3240 49,
753 3197 778 3226 n.
791 3180 821 3246 A)
834 3196 840 3229 :
851 3180 924 3245 hujus
937 3182 1013 3228 saltus
1019 3180 1124 3246 fauces,
1141 3195 1203 3244 ete,

135 3260 191 3309 coll.
202 3262 300 3319 XXIV,
313 3258 375 3323 44);
388 3258 432 3305 sed
441 3259 523 3322 potuit
532 3257 569 3304 illi
579 3273 646 3304 exer·
690 3259 742 3306 scil.
754 3259 828 3307 saltus
836 3260 964 3324 Tugiensis
973 3295 980 3318 ,
989 3277 1003 3307 a
1013 3262 1089 3326 Tugia
1099 3278 1159 3328 opp.
1169 3265 1203 3312 sie

135 3338 197 3386 citus
213 3339 310 3402 augeri,
328 3354 377 3402 quo
393 3349 503 3401 tempore
516 3337 645 3400 Imperium
690 3336 749 3386 dicti
761 3337 834 3403 (hod.
844 3340 926 3386 Sierra
935 3338 962 3386 dt
970 3338 1089 3404 Alearaz)
1100 3343 1142 3405 qui
1151 3359 1203 3391 non

134 3430 290 3482 prorogatum
302 3417 428 3480 est;quod
440 3417 484 3464 etsi
494 3417 584 3464 factum
593 3431 645 3463 non
689 3414 761 3480 longe
775 3435 789 3465 a
803 3419 921 3471 Mentissa
946 3417 1036 3477 distat,
1058 3431 1082 3466 et
1104 3421 1129 3467 in
1152 3438 1202 3484 qne

134 3496 219 3544 scribit.
240 3499 342 3557 Livius,
374 3508 455 3545 tamen
479 3509 571 3544 certum
595 3508 644 3556 est;
688 3494 769 3543 fontes
789 3507 847 3544 sunt
863 3496 936 3544 Baetis
957 3508 981 3545 et
993 3497 1106 3558 Taderis,
1128 3498 1202 3548 bodie

133 3575 255 3625 Dukerns.
689 3578 793 3638 Sagurae.
812 3575 903 3624 Confer
917 3575 978 3622 Pliu.
993 3578 1044 3636 111,
1066 3594 1095 3635 1,
1118 3595 1160 3626 seu
1176 3581 1199 3629 3.

170 3671 194 3701 2.
208 3655 311 3702 Navibus
322 3655 442 3703 subductis
448 3674 458 3713 ,·
468 3655 525 3703 vide
531 3657 641 3713 adVIII,
687 3655 735 3702 Sed
748 3655 883 3702 Bastitanis
896 3654 960 3701 forte
973 3654 1019 3718 leg.
1036 3672 1082 3719 pro
1095 3659 1206 3726 Auseae—h

133 3733 180 3791 26,
197 3749 221 3778 n.
238 3748 259 3779 1.
271 3761 304 3769 -
322 3734 404 3781 Socios
418 3751 514 3798 qaoque
527 3737 625 3782 navales
631 3751 641 3789 ,·
685 3734 736 3792 nis,
759 3735 802 3796 qui
822 3734 895 3796 longe
913 3733 971 3780 inde
990 3750 1075 3782 versus
1096 3748 1201 3800 septem·

133 3813 189 3861 vide
198 3811 230 3859 ad
243 3814 294 3868 IX,
304 3813 350 3869 38,
363 3829 388 3860 n.
402 3829 422 3860 1.
687 3815 792 3861 trionem
807 3825 831 3861 et
849 3811 879 3858 ad
895 3825 991 3859 montes
1003 3814 1133 3876 Pyrenaeos
1145 3834 1199 3866 suas

168 3893 193 3940 3.
209 3891 352 3938 *Hasdrubal
365 3892 513 3940 Hamilcaris
525 3893 597 3958 (vide
610 3893 642 3941 ad
685 3891 808 3939 habebant
819 3891 897 3938 sedes.
917 3892 1008 3939 Confer
1020 3894 1052 3940 ad
1061 3896 1137 3955 XXI,
1152 3913 1195 3956 11,

122 3965 216 4030 XXV,
231 3971 273 4027 35,
285 3986 311 4016 n.
324 3968 347 4031 1)
358 3970 397 4016 nd
408 3971 512 4034 Lapides
524 3983 591 4019 atros
603 3989 641 4018 ca·
688 3988 712 4018 n.
730 3988 754 4032 9.
771 3971 883 4018 Oretanis
898 3973 964 4031 conj.
978 3972 1045 4022 Glar.
1063 3985 1087 4021 et
1101 3977 1199 4038 Doujat.

85 4076 86 4081 =
121 4037 182 4099 vstra
192 4049 331 4098 habebatur
344 4050 473 4097 Ausetanis
484 4068 493 4096 .·
504 4051 523 4098 is
534 4052 600 4098 locus
609 4062 644 4098 est
688 4050 779 4097 -Hic
789 4049 857 4097 locus
867 4051 933 4097 varie
942 4051 968 4098 in
976 4051 1038 4100 MSS
1047 4051 1142 4120 legitur.
1153 4057 1197 4105 Eo.

1283 4175 1292 4206 l
