2768 4574
178 340 223 421 a
605 335 642 399 r.
678 334 818 403 mvn
1094 313 1221 424 tta:

176 483 252 536 tum
267 458 453 559 potuisse?
474 454 665 545 Quomodo
679 470 800 523 cutem
818 479 890 523 nou
905 454 1097 542 obstitisse,
1117 459 1249 529 outob

81 575 86 593 “
178 593 274 671 tergo
292 583 483 668 sequutum
490 567 677 656 fratrem?
691 581 743 649 ut,
764 565 1020 661 siproiu‘bere‚
1036 575 1249 663 quominus

177 694 213 757 in
240 706 352 754 unum
375 684 510 749 coirent
531 693 568 746 et
585 677 693 746 duces
715 692 751 746 et
772 682 949 746 exercitus
970 676 1145 764 hostium,
1168 704 1248 750 nou

167 809 309 895 posset,
332 797 407 887 apte
424 803 516 858 certe
535 788 750 876 cumfratre
774 789 1006 882 conjungeret
1020 793 1154 884 coptus.
1179 790 1247 862 His

173 907 298 978 anxius
313 902 426 986 curis,
444 898 480 967 id
497 896 608 967 modo
623 920 700 967 esse
714 897 867 967 salutare
884 899 921 965 iu
937 899 1246 993 praesens-crede-

173 1018 251 1100 bat,
265 1011 393 1084 cedere
406 1007 506 1095 inde,
522 1020 701 1102 quantum
715 1003 856 1102 posset3
869 1033 876 1074 ε
888 1021 923 1077 et
936 1006 1022 1078 inde
1033 1032 1105 1077 una
1119 1024 1245 1099 nocte,

170 1127 300 1227 ignaris
312 1118 489 1203 hostibus,
505 1131 541 1187 et
554 1115 603 1186 ob
615 1113 652 1183 id
670 1117 813 1210 quietis,
832 1116 1057 1211 aliquantum
1072 1142 1244 1191 emensus

171 1253 224 1312 est
239 1238 319 1306 iter.
335 1238 450 1315 Luce,
468 1241 508 1296 ut
525 1237 716 1296 senserunt
732 1223 914 1321 profectos
929 1224 1069 1314 hostes,
1086 1231 1244 1324 praemis·

170 1352 217 1421 sis
228 1343 413 1441 Numidis,
426 1361 535 1434 quam
550 1349 720 1433 poterant
732 1337 887 1405 maxime
902 1336 1011 1406 citato
1026 1337 1174 1432 agmine·
1186 1362 1242 1411 se·

171 1459 234 1555 qui
250 1463 460 1550 coeperunt:
475 1460 559 1517 ante
573 1460 718 1516 noctem
740 1446 923 1540 assequuti
937 1445 1118 1536 Numidae,
1138 1472 1252 1544 nunc

170 1568 215 1640 ab
234 1580 356 1660 terg0,
376 1582 475 1630 nunc
493 1557 530 1626 in
549 1555 661 1626 latera
682 1559 918 1625 incursantes.
938 1558 1145 1629 Consistere
1162 1570 1242 1630 'coc-

169 1688 321 1776 perunt,
341 1693 382 1742 ac
403 1669 512 1738 tutari
533 1690 682 1763 agmen,
706 1681 882 1762 quantum
904 1682 1074 1764 posseut;
1093 1684 1240 1760 tamen,

168 1806 249 1861 tuto
264 1800 305 1856 ut
320 1780 426 1854 simul
442 1791 648 1876 pugnarent
660 1776 1009 1874 procederentquei,
1019 1778 1138 1877 Scipio
1149 1778 1241 1851 hor-

167 1898 335 1980 tabatur,
357 1890 457 1988 prius
476 1910 586 1984 quam
610 1887 794 1984 pedestres
815 1889 927 1984 copiae
944 1905 1237 1986 assequerentur.

215 2005 377 2076 XXXVl.
395 2003 572 2094 Caeterum
589 2021 688 2068 nunc
707 1997 848 2095 agendo
859 2009 885 2083 ¹,
905 2024 1004 2070 nunc
1023 2002 1239 2075 sustinendo

166 2141 306 2215 agmen,
321 2134 436 2208 quum
450 2107 672 2204 aliquamdiu
683 2107 781 2179 haud
794 2108 948 2179 multum
963 2110 1238 2207 procederetur,

166 2244 201 2302 et
216 2252 290 2298 nox
307 2225 381 2319 jam
400 2221 568 2305 instaret,
593 2234 771 2290 revocate
791 2220 916 2317 praelio
933 2246 1017 2291 suos
1034 2222 1178 2318 Scipi03
1200 2238 1239 2296 et

123 2350 129 2358 ’
165 2336 336 2409 collectos
360 2333 396 2400 in
422 2329 606 2403 tumulum
632 2330 846 2425 quemdam,
875 2355 951 2401 non
977 2332 1124 2426 quidem
1150 2334 1238 2406 satis

165 2464 284 2529 tutum
304 2441 518 2540 (praesertim
538 2440 669 2536 agmini
685 2440 882 2536 perculso),
902 2440 1091 2512 editiorem
1112 2456 1238 2515 tamen

162 2675 203 2731 lo,
223 2681 317 2736 partem
334 2664 392 2715 belli
406 2664 452 2711 sibi
469 2662 610 2710 attributam
631 2660 677 2725 (ut
722 2662 867 2727 derentque,
885 2666 933 2713 hoc
947 2678 995 2725 est,
1015 2668 1068 2714 sine
1085 2667 1197 2731 periculo
1210 2681 1237 2718 et

163 2752 254 2818 passim
264 2764 334 2796 suum
349 2742 462 2808 bellum),
483 2754 507 2790 et
520 2753 579 2790 voto
593 2742 677 2789 confe-
721 2752 787 2788 metu
796 2776 803 2799 ,
812 2754 839 2790 ut
850 2745 915 2808 apud
925 2745 985 2792 Caes.
995 2747 1023 2792 B.
1038 2747 1068 2793 G.
1076 2749 1130 2806 111,
1143 2754 1191 2807 ai,
1202 2749 1235 2798 al.

165 2833 268 2888 cissent,
278 2826 330 2875 scil.
340 2826 412 2873 fratre
420 2822 509 2871 Publio
519 2820 676 2884 exercituque
721 2820 755 2866 ai
761 2855 768 2879 ,
774 2834 877 2884 propter
887 2824 1063 2873 multimdinem
1072 2842 1140 2875 suam
1146 2827 1236 2890 pauci·

163 2915 214 2974 ejus
228 2924 291 2958 cuso
304 2917 328 2954 et
341 2902 485 2970 profligat03
496 2903 574 2949 Gron.
721 2910 843 2963 tatemque
853 2901 960 2951 hostium
974 2920 1000 2950 se
1012 2916 1063 2952 tuto
1075 2903 1237 2955 dimicaturos

200 2993 223 3038 3.
245 2987 357 3035 Salutate
377 2983 401 3029 in
419 2995 527 3044 presens
545 2977 672 3034 credebat,
720 2978 902 3029 existimabant.
913 2984 971 3030 Vox
985 2995 1037 3031 tuto
1052 2995 1163 3049 suspecta
1180 2998 1236 3035 erat

162 3070 246 3118 eedere
258 3064 327 3119 inde,
347 3070 464 3126 quantum
473 3068 576 3121 possm¹
587 3068 674 3104 etvere
718 3058 838 3108 Strothio.
848 3088 883 3096 -
895 3063 1024 3121 Walchio,
1035 3053 1088 3112 Em.
1100 3079 1156 3129 pag.
1169 3080 1232 3128 199,

163 3148 233 3203 inde,
259 3156 306 3191 ete.
333 3143 370 3188 Ita
389 3138 491 3185 alterum
514 3135 570 3183 inde
593 3147 674 3182 tuetur
718 3152 768 3183 nou
787 3138 867 3203 placet
891 3157 918 3188 ea
941 3143 1073 3206 explicatio
1094 3147 1136 3195 toi
1156 3155 1233 3192 tuto:

161 3215 674 3287 Doer.,quodapuriumaliisviaum.Mect
718 3237 731 3256 α
743 3217 795 3265 sine
811 3220 921 3283 periculo
936 3232 960 3268 et
976 3234 1080 3281 metu»;
1096 3239 1153 3270 uam
1167 3239 1233 3285 quo-

162 3309 190 3359 τὸ
203 3305 259 3353 inde
272 3313 296 3350 et
306 3300 334 3350 τὸ
348 3315 399 3345 una
412 3294 532 3353 offendit,
545 3294 674 3358 malimque
718 3296 792 3344 modo
803 3297 851 3344 lroc
864 3297 969 3346 efficitur
977 3301 1029 3347 sine
1034 3302 1164 3365 periculo?
1174 3304 1233 3350 Imo

161 3400 185 3435 et
207 3385 331 3448 ingruente
355 3378 394 3424 vel
416 3374 506 3430 illuni,
533 3390 576 3422 seu
596 3373 687 3431 iiluna,
718 3386 769 3421 tuto
791 3377 924 3440 procedere
946 3389 983 3426 est
1000 3380 1034 3427 ita
1055 3379 1182 3444 progredi,
1203 3394 1233 3431 ut

161 3476 240 3514 noete.
259 3483 271 3502 u
283 3461 347 3508 Mox
362 3470 469 3503 emensus
490 3465 525 3500 est
538 3453 627 3500 dicitur
643 3453 673 3500 de
716 3454 783 3501 hosti
803 3455 869 3501 nulla
888 3467 957 3520 parte
978 3457 1111 3507 invadendi
1130 3461 1233 3509 occasio

161 3547 206 3594 Cu.
226 3539 355 3604 Scipione,
378 3543 503 3582 senserunt
515 3518 539 3581 e‘t
551 3543 684 3597 coeperunt,
716 3533 762 3582 ait:
779 3534 985 3596 quemadmodum
995 3548 1049 3583 tuta
1058 3537 1124 3584 acies
1136 3537 1232 3588 dicitur

161 3626 192 3672 de
208 3619 305 3678 Poenis;
324 3616 380 3664 dein
399 3615 486 3661 iterum
504 3624 627 3677 ceperunt
641 3612 672 3659 de
716 3614 766 3670 tx,
779 3628 828 3670 21,
849 3629 903 3676 quac
919 3626 943 3662 ct
955 3616 1037 3663 locum
1048 3615 1114 3663 haud
1132 3617 1231 3666 facilem

159 3700 292 3756 Romanis,
303 3710 377 3760 quum
386 3705 467 3741 tamen
478 3708 597 3756 nusquam
607 3707 672 3738 com·
715 3690 747 3737 ad
756 3688 997 3741 circumveniendum
1010 3694 1089 3759 cepit,
1101 3695 1231 3746 etdiversa

160 3775 425 3849 pareantnominativi:
436 3771 478 3819 sed
487 3769 580 3837 placuit
589 3780 672 3817 aucto·
715 3769 784 3832 sigua
802 3771 893 3819 statuit.
913 3773 1006 3820 Eodem
1022 3788 1094 3822 sensu
1111 3774 1176 3822 Galli
1189 3775 1230 3823 di-

158 3863 192 3921 ri,
216 3859 250 3906 sic
273 3863 391 3904 attentum
411 3853 528 3900 lectorem
548 3865 618 3896 suum
636 3848 671 3896 fa·
716 3860 787 3909 cunt,
811 3849 831 3896 il
840 3850 877 3917 fit
896 3852 991 3899 eouvrir
1009 3869 1038 3900 sa
1060 3851 1174 3911 marche,
1198 3872 1230 3903 sa

160 3954 250 3996 cerem
263 3939 341 3986 Gron.
357 3934 390 3981 ad
404 3932 502 3988 XLIII,
516 3929 554 3976 15.
580 3927 671 3976 Confer
715 3928 1011 3980 maredee'taiteouveree.
1025 3933 1083 3980 Eos

157 4019 189 4069 ad
201 4017 344 4074 xxxvtr,
358 4025 442 4072 ao,n.
455 4017 478 4063 t.
746 4008 807 4057 Car.
826 4010 949 4058 XXXVI.
972 4025 994 4057 1.
1020 4011 1094 4058 Nunc
1113 4011 1227 4076 agendo,
1283 4060 1288 4066 ,

191 4105 214 4154 i·
238 4098 297 4144 Tuto
312 4104 340 4140 ut
352 4089 426 4139 simul
432 4097 574 4152 pugnarent
577 4102 666 4150 proce·
710 4087 887 4154 propellendo,
906 4105 971 4138 nune
990 4089 1145 4148 sustinendo,
1167 4092 1230 4141 reti-
