2768 4574
160 297 248 388 356Ι
587 301 624 365 Τ.
656 301 796 368 lell
1084 281 1209 388 iiiiii

159 427 204 497 ad
236 432 368 497 Poenos
401 425 469 496 sub
502 424 699 496 adventum
728 423 960 496 Hasdrubalis
996 423 1236 501 defecissent.

158 543 199 610 C.
208 538 356 607 Servilio
371 560 454 606 cum
466 533 712 606 cannensibus
726 533 867 605 duabus
880 522 1120 631 legionibus't,
1133 538 1238 609 sicut

158 654 198 720 C.
214 648 394 719 Mamilius
411 660 598 734 tenuerat,
622 645 739 717 Sicilia
762 644 898 717 tuenda
916 645 1010 716 data.
1031 650 1084 717 Ex
1104 649 1236 719 Sardi·

156 761 215 829 nia
235 774 337 830 vetus
361 759 560 845 exercitus,
583 758 706 828 cui'A.
724 755 898 827 Hostilius
921 754 1135 854 praefuerat,
1163 758 1235 831 de-

154 885 320 968 portatus
341 899 348 940 :
370 894 502 940 novam
520 869 718 966 legionem,
732 870 843 964 qua'm
863 867 915 937 Ti.
932 865 1105 938 Claudius
1123 871 1234 969 traji-

154 993 251 1048 ceret
269 1002 410 1066 secum,
428 978 597 1048 consules
614 979 918 1075 conscripserunt.
937 981 983 1067 Q.
997 977 1172 1068 Claudio,
1190 997 1234 1053 ut

153 1092 350 1158 Tarentum
361 1079 398 1174 ⁵,
414 1090 453 1157 C.
466 1088 619 1158 Hoslilio
637 1087 801 1176 Tubulo,
826 1102 869 1160 ut
889 1091 1052 1185 Capuam
1070 1092 1232 1184 provin·¹

152 1199 243 1268 ciam
262 1196 435 1284 haberet,
455 1212 693 1295 prorogatum
717 1198 756 1266 in
782 1222 920 1268 annum
941 1199 1137 1295 imperium
1159 1216 1228 1272 est.

150 1312 200 1378 Μ.
217 1307 383 1379 Valerius
402 1309 617 1406 proconsul,
635 1309 699 1404 qui
713 1308 857 1379 tuendae
872 1309 964 1378 circa
981 1308 1140 1383 siciliam
1157 1334 1231 1383 ma·

150 1420 277 1490 ritimae
307 1442 379 1490 orae
406 1415 620 1517 praefuerat,
653 1419 799 1515 triginta
829 1416 982 1488 navibus
1010 1422 1049 1489 C.
1069 1421 1231 1493 Servilio

149 1528 329 1626 praebitis,
350 1553 435 1600 cum
461 1543 590 1601 caetera
612 1531 712 1600 omni
741 1528 850 1600 classe
875 1527 994 1600 redire
1015 1527 1060 1599 ad
1082 1529 1230 1603 Urbem

146 1642 281 1735 jussus.

196 1757 255 1821 XI.
274 1758 316 1822 In
332 1755 475 1824 civitate
490 1767 592 1823 tanto
603 1751 807 1821 discrimine
821 1747 908 1821 belli
922 1749 1089 1837 sollicita,
1102 1776 1227 1847 quum

148 1865 314 1933 omnium
336 1863 580 1933 secundorum
599 1862 909 1956 adversorumque
928 1884 1052 1931 causas
1070 1862 1110 1931 in
1134 1863 1230 1937 deos

147 1975 503 2059 verterent¹,‘multa
525 1973 691 2070 prodigia
711 1969 995 2059 nuntiabantur,
1018 1976 1229 2047 Tarracinae

145 2086 242 2153 Jovis
268 2083 400 2171 aedem,
426 2084 552 2153 Satrici
578 2084 703 2152 Matris
726 2087 872 2151 Matutae
896 2080 943 2151 de
965 2079 1053 2151 caelo
1072 2095 1226 2156 tactam.

145 2195 349 2262 Satricanos
367 2192 465 2262 haud
485 2194 605 2262 minus
622 2190 808 2263 terrebant
827 2193 865 2261 in
886 2191 999 2262 aedem
1016 2192 1116 2262 lovis
1137 2192 1228 2265 fori·

142 2302 212 2372 bus
235 2304 320 2398 ipsis
346 2302 420 2397 duo
447 2304 603 2400 perlapsi
629 2327 774 2399 angues.
802 2301 858 2374 Ab
877 2304 986 2372 Antio
1007 2304 1228 2377 nuntiatum

144 2426 216 2495 est,
236 2427 407 2482 cruentas
422 2413 538 2507 spicas
551 2412 774 2504 metentibus
786 2414 899 2482 visas²
914 2437 1004 2484 esse.
1021 2416 1123 2485 Caere
1137 2440 1228 2513 por-

144 2544 207 2589 cus
225 2519 350 2618 biceps
368 2536 403 2592 et
418 2546 536 2619 'agnus
554 2547 630 2592 mas
647 2520 819 2618 idemque
837 2519 971 2592 femina
987 2537 1094 2593 uatus
1116 2541 1200 2598 erat
1218 2557 1226 2599 :

134 2770 236 2835 ficerat,
252 2771 326 2818 immo
336 2782 444 2835 praetor,
458 2772 526 2836 quod
539 2772 588 2832 jam
604 2786 657 2818 rno-
701 2787 756 2832 quae
773 2772 925 2835 exponendae
939 2783 1020 2832 erant,
1035 2775 1107 2836 quasi
1127 2776 1230 2829 obruto

144 2866 220 2898 nuere
237 2851 303 2897 nuk.
321 2862 347 2897 et
365 2851 437 2899 Crev.
456 2851 529 2899 Conf.
544 2852 657 2907 XXVII,
701 2851 823 2909 evenisse,
835 2863 861 2899 ut
872 2852 966 2916 aliquid
973 2865 1229 2921 poneret‚tanquam

146 2931 188 2987 35,
205 2929 356 2990 36,39,46
386 2931 428 2983 48.
702 2929 733 2976 dc
749 2946 800 2993 quo
816 2931 843 2976 in
856 2931 1023 2995 superioribus
1037 2932 1147 2994 egisset,
1163 2937 1228 2988 licet

181 3017 204 3063 4.
221 3009 328 3055 Cannen.
340 3007 436 3054 duabus
449 3006 595 3071 legionibus,
610 3019 657 3054 etc.
702 3024 821 3072 nusquam
834 3021 904 3056 autea
916 3021 1074 3058 memoratum
1086 3026 1095 3059 τ
1108 3030 1151 3062 eas
1161 3032 1229 3081 prae·

143 3088 200 3135 vide
214 3087 245 3134 ad
255 3088 356 3144 XXVI,
372 3101 398 3144 1,
416 3103 442 3132 n.
451 3088 475 3133 3.
702 3088 786 3135 sertim
814 3089 996 3152 provinciarum
1021 3096 1228 3154 permutationes

182 3167 206 3213 5.
216 3167 245 3228 Q
253 3165 402 3221 Claudiam
410 3165 657 3227 Tarentum,l'ighius
702 3182 753 3213 non
775 3169 834 3215 satis
862 3179 973 3217 accurate
996 3181 1121 3220 umentes.
1146 3177 1227 3227 Putat

142 3247 169 3292 in
186 3245 275 3291 Annal.
294 3244 327 3291 ad
345 3261 385 3291 an.
408 3245 474 3304 547,
491 3261 517 3307 p.
541 3259 606 3302 211,
626 3263 657 3291 ex
700 3245 776 3308 igitur
799 3249 828 3293 T.
847 3247 977 3309 Qulntium
1004 3265 1070 3298 anno
1097 3256 1226 3316 proximo

143 3326 270 3377 XXVIII,
285 3323 328 3379 45,
338 3325 439 3382 XXIX,
453 3326 492 3380 13,
502 3323 655 3373 etPlutarcb.
700 3325 732 3386 Q.
745 3324 849 3374 Claudio
868 3327 1026 3383 successisse,
1042 3344 1120 3391 quam
1136 3344 1226 3385 nmen

142 3403 230 3464 Quint.
241 3402 316 3449 Flam.
329 3419 355 3465 p.
366 3403 432 3463 369,
444 3401 588 3466 colligebat,
602 3397 627 3450 li.
638 3404 654 3450 1.
699 3406 860 3452 mutationem
879 3422 1012 3453 memorare
1029 3407 1127 3458 oblitus
1144 3414 1228 3468 fuerit

140 3480 253 3527 lacunam
263 3496 323 3538 esse,
333 3482 366 3527 ita
376 3480 536 3545 explendam:
547 3481 576 3542 Q.
583 3481 655 3528 Clau-
699 3483 794 3542 Livium
804 3485 843 3531 vel
852 3486 934 3549 ipsum
945 3468 1003 3534 eatis
1012 3487 1147 3550 habuisse,
1158 3496 1225 3546 dum

141 3559 183 3606 dio
194 3559 333 3606 Flaminino
347 3561 373 3606 T.
382 3559 494 3622 Quintius
504 3559 655 3608 Flamininus
699 3560 814 3609 brevitati
826 3563 922 3622 studet,
933 3581 999 3612 anno
1013 3571 1130 3629 sequenti
1142 3589 1227 3626 muta.

140 3654 264 3684 succcssor
279 3650 353 3685 extra
369 3639 479 3686 ordinem
491 3639 578 3693 datus,
593 3640 654 3686 obri·
698 3640 791 3688 tionem
801 3641 866 3689 hauc
878 3644 955 3691 verbo
967 3644 1080 3695 iudicari.
1091 3650 1141 3698 En.

139 3729 207 3763 neret
221 3730 248 3764 ut
262 3721 400 3765 Tarentum.
414 3717 463 3766 Sed
474 3718 528 3766 vid.
542 3718 652 3766 Perizon.
733 3723 794 3769 Car.
809 3723 856 3768 XI.
873 3739 895 3771 1.
912 3723 1005 3770 Causas
1019 3724 1045 3770 in
1058 3725 1122 3777 deos
1135 3748 1225 3783 verte.

139 3795 271 3843 Aniruadv.
282 3797 344 3844 Hist.
354 3813 407 3860 cup.
417 3805 444 3855 4,
455 3813 480 3860 p.
490 3799 547 3844 168.
555 3799 652 3855 -Hic,
697 3810 767 3854 rent;
784 3799 837 3847 vid.
848 3802 895 3858 IV,
910 3818 940 3863 9,
951 3819 976 3848 u.
990 3819 1010 3850 1.
1024 3805 1064 3852 De
1072 3810 1221 3877 prodaffiss,

135 3873 194 3922 loco
208 3877 296 3932 citato,
310 3887 375 3923 recte
388 3877 574 3923 audacissimam
587 3876 651 3923 hanc
696 3894 750 3941 quae
761 3895 820 3925 mox
833 3893 1010 3940 memorantur,
1027 3884 1086 3933 vide
1096 3904 1175 3952 supra
1189 3895 1224 3941 ad

136 3954 216 4017 Pighii
224 3956 389 4014 conjecturam
396 3954 493 4002 refellit.
499 3957 578 4002 Docet
585 3956 650 4002 euim
695 3959 720 4016 1,
733 3959 774 4015 31,
788 3975 813 4004 n.
829 3974 850 4005 1.

127 4029 271 4094 *frequenter
291 4033 377 4089 Livio,
397 4033 552 4082 multitudiue
568 4051 648 4081 rerum
730 4051 754 4082 a.
764 4037 879 4082 Cruentas
888 4037 969 4100 spicas
978 4040 1124 4093 metentibus
1131 4047 1222 4109 νίκας
