2768 4574
178 312 249 399 450
605 314 643 379 r.
670 315 805 381 mvn
1092 292 1214 410 ὒῐὲζὲἷῗῖ

173 438 333 533 legiones
351 448 387 505 et
404 434 472 532 ipsi
492 447 656 530 patentes
670 434 785 528 equiti
800 432 1050 529 relinquerent
1064 436 1148 507 vias.
1165 441 1240 508 Car·

173 561 290 617 terum
300 543 493 626 Lentulus,
508 544 541 612 ei
557 544 649 640 parti
663 566 768 612 nsum
781 542 913 638 equitis
931 539 1009 614 fore
1023 559 1141 632 ratus,
1158 571 1240 643 quae

174 658 274 754 prior
287 657 325 724 in
342 653 586 724 dehiscentem
604 651 801 724 intervallis
823 652 981 723 hostiurn
1002 655 1114 726 aciem
1133 659 1235 752 equi·

172 783 225 839 tes
239 765 433 850 emisisset,
456 767 529 833 Ser.
547 762 715 833 Cornelio
731 760 880 833 tribuno
895 764 1050 834 militum
1065 767 1235 864 imperat,

171 878 310 973 equites
328 899 393 972 per
412 886 576 970 patentes
600 874 638 941 in
659 871 819 943 hostium
838 874 911 944 acie
934 875 1008 945 vias
1025 877 1236 972 permittere

170 981 307 1083 equos³
320 983 447 1080 jubeat
465 1010 472 1048 ι
490 983 587 1078 ipse,
605 997 723 1080 coepta
737 1007 865 1080 parum
883 1009 1054 1082 prospere
1078 987 1236 1083 pedestri

168 1120 306 1193 pugna,
325 1105 467 1162 tantum
484 1104 664 1177 moratus,
680 1090 767 1161 dum
783 1092 926 1163 cedenti
945 1093 1165 1167 duodecimae
1182 1099 1235 1169 le-

168 1207 285 1303 gioni,
305 1227 385 1298 quae
412 1202 449 1269 in
481 1200 569 1270 laevo
594 1225 709 1271 cornu
730 1200 900 1272 adversus
926 1203 1094 1299 Ilergetes
1119 1206 1235 1278 locata

169 1330 265 1402 erat,
283 1313 426 1382 tertiam
451 1309 625 1380 decimam
648 1310 826 1406 legionem
851 1336 894 1381 ex
914 1312 1082 1385 subsidiis
1101 1317 1138 1385 in
1157 1319 1233 1414 pri-

166 1448 262 1496 mam
277 1423 389 1493 aciem
402 1418 670 1490 firmamentum
685 1420 803 1506 (lucit3
820 1434 1011 1517 postquam
1028 1439 1166 1519 aequata
1180 1424 1233 1495 ibi

164 1559 287 1634 pugna
305 1546 375 1614 est,
392 1530 438 1601 ad
452 1535 491 1600 L.
507 1529 706 1618 Manlium,
722 1533 817 1600 inter
834 1532 949 1627 prima
967 1533 1067 1628 signa
1088 1533 1233 1605 hortan-

166 1661 256 1734 tem,
276 1667 317 1714 ac
335 1640 512 1727 subsidia,
532 1639 666 1736 quibus
682 1665 740 1710 res
759 1639 962 1736 postulabat
989 1641 1099 1729 locis,
1122 1643 1231 1715 indu-

165 1768 325 1841 centem,
339 1752 448 1822 venit.
466 1749 603 1822 Iudicat
621 1762 699 1820 tuta
715 1748 759 1819 ab
779 1750 867 1819 laevo
886 1774 1000 1820 cornu
1018 1756 1117 1823 essel
1135 1755 1231 1849 :jam

165 1865 315 1934 missum
336 1860 380 1930 ab
406 1884 444 1930 se
467 1859 677 1929 Cornelium
699 1859 862 1928 Servium
887 1860 1047 1954 procella
1074 1866 1232 1958 equestri

163 1974 285 2045 hostes
303 1969 618 2043 circumfusarum.
638 1971 708 2040 Vix
726 1969 800 2040 haec
821 1971 914 2040 dicta
933 1970 1100 2059 dederat,
1115 2000 1230 2070 quum

165 2085 307 2153 romani
328 2082 488 2178 equites,
508 2082 546 2150 in
566 2079 706 2150 medios
723 2080 855 2151 invecti
875 2081 1015 2169 hostes,
1036 2084 1142 2153 simul
1162 2110 1231 2182 pe·

165 2193 300 2264 destres
318 2192 411 2261 acies
429 2189 640 2274 turbarunt,
660 2188 766 2259 simul
783 2190 966 2285 equitibus
984 2193 1229 2289 Hispanorum

152 2303 255 2370 ‘viam
285 2298 504 2368 immittendi
533 2322 646 2393 equos
682 2297 896 2368 clauserunt.
921 2305 1070 2396 ltaque,
1097 2304 1230 2374 omissa

162 2433 286 2507 pugna
303 2409 481 2504 equestri,
496 2405 541 2476 ad
560 2404 764 2503 pedestrem
783 2408 931 2503 Hispani
952 2406 1228 2483 descenderunt.

162 2520 317 2592 Romani
337 2519 588 2614 imperatores,
606 2530 647 2586 ut
663 2515 827 2586 turbatos
844 2516 1000 2590 hostium
1024 2519 1169 2592 ordines
1189 2539 1228 2594 et

161 2628 440 2728 trepidationem
475 2651 717 2726 pavoremque
747 2640 782 2696 et
813 2625 1024 2699 fluctuantia
1056 2631 1228 2703 viderunt

162 2743 262 2839 signa
275 2737 301 2827 ⁵,
321 2739 522 2826 hortantur,
549 2752 655 2809 orant
680 2736 830 2824 milites,
855 2754 896 2807 ut
913 2739 1096 2834 perculsos
1123 2747 1226 2812 rieva-

163 2851 269 2935 dant,
292 2874 363 2918 neu
377 2854 514 2918 restitui
532 2853 646 2918 aciem
653 2853 855 2943 patiantur.
875 2850 958 2918 Non
974 2851 1226 2922 sustinuissent

161 2974 234 3030 tam
249 2955 420 3029 infestum
439 2960 616 3054 impetum
630 2956 794 3043 Barbari,
815 2959 853 3026 ni
870 2958 1017 3054 regulus
1036 2962 1111 3058 ipse
1130 2963 1224 3032 Indi·

159 3067 241 3139 bilis
269 3094 350 3138 cum
385 3068 567 3163 equitibus
589 3069 634 3138 ad
657 3066 767 3163 pedes
796 3067 969 3162 degressis
996 3084 1078 3140 ante
1108 3074 1223 3167 prima

160 3178 260 3271 signa
293 3175 456 3272 peditum
487 3202 524 3247 se
554 3175 756 3270 objecisset.
791 3174 846 3245 Ibi
876 3177 1085 3274 aliquandiu
1119 3197 1222 3251 atrox

160 3308 281 3382 pugna
300 3287 405 3355 stetit.
426 3284 586 3355 Tandem
601 3299 795 3381 postquam
814 3287 859 3368 ii,
881 3291 945 3383 qui
964 3289 1055 3359 circa
1073 3315 1219 3386 regem,

157 3395 373 3464 seminecem
397 3409 591 3465 restantem
604 3389 633 3482 ⁶,
659 3394 790 3471 deinde
815 3395 889 3493 pilo
923 3411 1026 3469 terrae
1052 3398 1219 3487 affixum,

191 3573 216 3620 3.
229 3572 620 3640 Pennittereequos,·videsupra
633 3578 665 3625 ud
704 3583 769 3644 pani
785 3583 974 3643 descenderam
992 3589 1085 3652 aliquot
1109 3592 1172 3638 MSS
1194 3603 1219 3638 et

156 3651 247 3698 librum
261 3653 299 3710 11,
314 3668 368 3716 cap.
381 3653 426 3710 56,
441 3668 466 3699 n.
483 3669 510 3711 1,
524 3665 550 3702 ‘et
567 3656 610 3703 lib.
624 3658 663 3716 X,
707 3660 764 3708 edd.
780 3661 817 3708 ad
825 3663 914 3725 pedes,
928 3677 956 3712 nt
971 3683 1030 3714 mox
1042 3666 1080 3714 ad
1085 3669 1160 3731 pedes
1174 3670 1218 3715 de-

156 3747 210 3795 cap.
221 3731 248 3789 5,
260 3747 285 3779 n.
297 3739 321 3786 4.
704 3738 800 3801 gressis.
818 3741 856 3788 Cf.
870 3742 902 3788 ad
915 3746 962 3803 III,
974 3746 1020 3804 62,
1031 3763 1056 3793 n.
1067 3762 1091 3807 9.

191 3818 214 3864 4.
233 3812 294 3857 Tuta
314 3810 349 3856 ab
367 3808 422 3876 (in)
441 3811 499 3858 laevo
519 3829 595 3859 cornu
612 3829 662 3860 esse
741 3817 765 3865 5.
776 3819 932 3869 Fluctnantr'a
942 3825 1217 3890 videruntsr'gna;vide

154 3888 243 3935 omnia.
263 3916 298 3945 ·,··
321 3888 457 3938 Cornelium
475 3891 581 3939 Servium
598 3894 660 3940 MSS
703 3894 735 3942 ad
747 3897 798 3954 ΙΙΙ,
813 3898 859 3956 60,
873 3917 897 3947 n.
909 3903 932 3948 8.

154 3981 200 4029 pro
214 3969 262 4014 Ser.
277 3968 430 4027 Cornelium
443 3971 499 4018 ride
514 3971 546 4019 ad
559 3973 610 4030 111,
632 3987 658 4030 1,
738 3975 763 4022 6.
780 3976 924 4027 Seminecem
942 3993 1089 4038 restantem
1108 3982 1164 4028 vide
1182 3984 1214 4031 ad

153 4059 180 4092 rr.
192 4060 213 4092 1.
232 4073 267 4082 -
288 4047 333 4093 Ad
340 4047 474 4110 pedestrem
487 4066 592 4113 pugnam
604 4050 660 4099 His·
703 4053 877 4116 1V,58‚n.5,
