2768 4574
185 320 306 427 :atat
334 340 426 410 Lm.
453 343 593 409 xxix,
620 344 723 411 car.
748 343 884 409 xxxi.
911 342 1071 409 xxxn.
1144 337 1212 436 507

158 460 398 559 instigabant:
419 462 481 532 sed
500 462 560 532 vix
577 464 716 559 regium
735 460 945 555 ridebatur,
965 464 1141 534 latronem
1159 488 1216 533 va·

159 596 243 670 gum
261 575 299 641 in
321 570 505 643 montibus
524 560 732 643 consectari.

206 687 350 753 XXXII.
366 682 534 769 Bocchar,
548 707 592 752 ex
607 680 782 778 praefectis
797 681 902 778 regiis
913 683 967 750 vir
980 706 1061 752 acer
1073 697 1107 752 et
1119 684 1217 780 impi-

160 818 239 889 ger,
256 793 301 863 ad
323 792 361 862 id
379 792 547 863 delectus.
567 795 610 862 Ei
626 793 708 862 data
727 806 884 889 quatuor
905 791 1016 863 millia
1031 792 1224 888 peditum,

160 903 233 973 duo
255 904 442 1000 equitum:
469 904 772 999 praemiorumque
793 902 994 998 ingentium
1012 926 1074 997 spe
1093 927 1215 973 onera-

82 1089 84 1093 ,
159 1027 234 1099 tus,
250 1014 279 1082 si
296 1026 403 1109 caput
421 1013 613 1083 Masinissae
629 1012 827 1097 retulisset,
842 1025 904 1081 aut
917 1011 1038 1079 vivum
1054 1009 1114 1106 (id
1128 1037 1214 1082 vero

158 1122 402 1192 inaestimabile
421 1122 610 1220 gaudium1
635 1121 738 1219 fore)
759 1122 931 1218 cepisset,
954 1120 1091 1217 palatos
1111 1122 1214 1191 incu-

157 1234 324 1329 rioseque
347 1248 491 1330 agentes
510 1230 703 1330 improviso
722 1231 885 1320 adortus,
905 1255 1079 1328 pecorum
1096 1230 1213 1300 homi-

159 1368 321 1439 numque
346 1344 481 1439 ingenti
505 1343 736 1414 multitudine
757 1366 777 1412 a
799 1340 963 1439 praesidio
995 1355 1214 1410 armatorum

159 1453 316 1539 exclusa,
343 1454 561 1523 Masinissam
586 1455 704 1550 ipsum
727 1477 810 1523 cum
836 1453 959 1549 paucis
985 1452 1023 1520 in
1045 1453 1216 1522 verticem

158 1562 291 1632 montis
309 1561 503 1658 compellit.
520 1562 627 1650 Inde,
646 1587 760 1660 prope
776 1575 817 1631 ut
829 1561 903 1654 jam
916 1558 1132 1650 debellat02,
1147 1586 1215 1631 nec

157 1670 276 1767 praeda
296 1670 405 1741 modo
427 1680 599 1769 pecorum
621 1673 884 1768 hominumque
904 1686 1091 1768 captorum
1109 1674 1216 1744 missa

158 1780 204 1850 ad
224 1806 363 1878 regem,
382 1781 445 1853 sed
466 1784 579 1879 copiis
598 1784 721 1870 etiam,
738 1797 778 1852 ut
799 1783 982 1878 aliquanto
999 1782 1213 1877 majoribus,

158 1915 269 1988 quam
282 1917 350 1989 pro
364 1893 523 1989 reliquiis
538 1892 643 1980 belli,
660 1894 830 1982 remissis,
852 1918 934 1962 cum
953 1892 1052 1962 haud
1064 1895 1215 1989 amplius

157 2000 339 2096 peditibus
354 2002 451 2072 mille
470 2002 706 2098 ducentisque
724 2000 923 2098 equitibus,
941 2000 1148 2097 degressum
1159 2002 1216 2097 ju·

158 2109 212 2205 gis
229 2111 451 2180 Masinissam
469 2126 727 2209 persequutus,
743 2113 780 2181 in
800 2111 890 2182 valle
916 2126 1028 2200 arcta,
1051 2110 1216 2183 faucibus

154 2219 341 2316 ⁴utrimque
351 2218 521 2309 obsessis,
536 2222 699 2305 inclusit:
714 2221 764 2292 ibi
779 2223 907 2319 ingens
920 2220 1032 2292 caedes
1045 2222 1215 2319 Massylo·

156 2352 239 2398 rum
258 2328 357 2401 facta.
375 2333 559 2403 Masinissa
577 2357 660 2403 cum
673 2333 936 2429 quinquaginta
951 2329 1048 2401 haud
1062 2332 1215 2429 amplius

157 2440 339 2536 equitibus
361 2466 425 2538 per
450 2441 628 2513 anfractus
646 2445 781 2514 montis
808 2442 952 2538 ignotos
978 2441 1214 2537 sequentibus

157 2572 195 2618 se
211 2552 351 2647 eripuit.
368 2554 498 2623 Tenuit
516 2567 637 2624 tamen
650 2553 797 2650 vestigia
812 2552 973 2623 Bocchar
986 2551 1211 2646 adeptusque

157 2681 241 2727 eum
267 2661 472 2755 patentibus
494 2687 609 2759 prope
631 2663 806 2758 Clupeam
828 2659 958 2730 urbem
984 2661 1137 2754 campis,
1164 2661 1213 2729 ita

158 2767 408 2855 circumvenit,
427 2785 487 2858 ut,
506 2785 636 2867 praeter
656 2785 811 2866 quatuor
831 2771 987 2865 equites,
1016 2792 1141 2838 omnes
1168 2769 1214 2839 ad

108 2880 111 2885 ’
157 2901 274 2946 unum
285 2876 521 2949 interficeret:
539 2904 622 2948 cum
640 2880 683 2949 iis
698 2881 818 2975 ipsum
830 2903 976 2974 quoque
994 2879 1215 2978 Masinissam

157 2990 319 3059 saucium
340 3012 456 3085 prope
475 3013 495 3059 e
514 2987 680 3058 manibus
700 2988 793 3057 inter
810 2987 1006 3057 tumultum
1025 2987 1151 3056 amisit.
1172 2993 1214 3057 In

157 3093 379 3195 conspectu³
403 3112 504 3168 erant
535 3096 732 3194 lugientem
760 3097 815 3167 ala
846 3098 1025 3193 equitum,
1055 3095 1213 3193 dispersa

156 3279 247 3335 Meam,
268 3290 314 3328 etc.
329 3281 375 3327 En.
394 3305 429 3314 —
451 3279 574 3343 Reliquias
591 3278 663 3335 bellu
744 3279 767 3326 3.
785 3281 816 3325 In
828 3289 956 3341 conspectu
966 3276 1095 3324 Boccharis
1108 3287 1132 3324 et
1146 3287 1214 3324 caete-

156 3357 214 3404 vids
231 3357 263 3405 ad
275 3359 320 3415 tv,
334 3374 377 3419 27,
390 3373 415 3404 n.
431 3372 454 3406 1.
706 3373 790 3405 rorum
813 3367 884 3404 eraut
896 3355 1022 3422 fugientes
1041 3355 1170 3402 Masinissa
1190 3366 1215 3403 et

192 3438 252 3483 Cur.
265 3437 377 3484 XXXII.
388 3451 409 3483 1.
420 3435 592 3484 Inaestimabile
600 3453 663 3501 gau·
706 3438 742 3483 IV
749 3436 853 3498 equites:
865 3435 908 3482 ala
919 3435 1026 3498 equitum
1037 3435 1089 3491 CC,
1103 3434 1213 3498 dispersa

157 3511 224 3559 dium
229 3530 239 3569 ,·
249 3514 305 3561 vide
313 3514 345 3561 ad
355 3517 456 3574 XXXI,
471 3516 520 3575 34,
533 3532 559 3562 n.
568 3531 593 3564 a.
706 3527 757 3562 toto
775 3531 878 3577 eampo,
894 3511 1042 3576 ¹quibusdam
1066 3528 1213 3575 persequen-

193 3608 218 3640 α.
241 3594 273 3638 Ut
283 3592 341 3655 jam
362 3593 482 3642 debellato
489 3593 569 3650 :vide
586 3593 618 3640 ad
635 3596 660 3653 1,
704 3594 765 3642 tium
776 3594 897 3657 equitum,
914 3604 941 3638 ut
950 3592 1044 3638 dIversa
1057 3591 1114 3653 fuga
1128 3602 1213 3655 peten-

157 3679 205 3729 4¹,
227 3687 252 3716 n.
266 3686 303 3718 ιο.
323 3698 358 3707 -
379 3675 410 3720 Ut
422 3674 551 3738 aliquanto
562 3671 661 3738 majori·
704 3673 770 3721 tibus
788 3681 953 3726 occurrerent,
969 3685 1017 3733 per
1039 3669 1139 3733 obliqua
1161 3681 1212 3717 ten·

157 3751 213 3808 bus,
232 3765 307 3812 quam
317 3766 366 3813 pro
384 3751 427 3800 rel.
447 3752 469 3799 b.
483 3751 540 3799 vide
554 3751 586 3798 ad
598 3753 661 3812 VII,
705 3750 815 3798 dentibus
826 3748 892 3814 (vid.
903 3750 948 3807 IV,
963 3763 1007 3809 19,
1016 3765 1041 3797 n.
1056 3747 1096 3811 1),
1106 3747 1211 3812 quinque

157 3831 203 3888 33,
221 3844 246 3874 n.
263 3843 295 3885 a,
319 3839 343 3874 et
356 3830 433 3888 VIII,
449 3832 500 3888 30,
521 3847 546 3877 n.
557 3847 584 3891 ⁴7.
599 3833 662 3878 Mox
704 3828 782 3876 hostes
798 3828 951 3891 sequebatur,
965 3825 1116 3874 Masinissam
1135 3838 1158 3874 ct
1175 3830 1211 3874 1v

156 3925 211 3955 cum
226 3905 297 3953 baud
310 3907 412 3970 amplius
419 3907 542 3970 peditibus
557 3909 622 3957 mille
635 3908 659 3957 d.
705 3907 825 3954 comites:
844 3906 887 3968 qui
906 3921 979 3968 quum
1001 3922 1096 3953 amnem
1116 3905 1211 3954 directo

156 4003 177 4045 e.
188 4003 219 4034 ex
230 3984 329 4049 optimis
338 3975 571 4050 plurImisqne'MSS
581 3988 661 4051 recepi
704 3986 760 4033 nisu
772 3996 866 4032 tranare
879 3995 1011 4048 cuperent,
1030 3984 1210 4050 amnisfitgien-

156 4082 202 4128 pro
214 4065 279 4128 vulg.
288 4081 341 4112 cram
350 4064 485 4131 quingeuu's
496 4065 520 4114 t.
531 4083 556 4115 a.
568 4084 593 4129 p.
602 4066 626 4114 d.
637 4083 659 4115 e.
705 4077 739 4112 tes
752 4063 860 4128 excepit,
875 4064 987 4128 raptique
998 4064 1104 4130 gurgite,
1117 4064 1212 4112 violen-
