2768 4574
114 390 117 395 .
155 333 222 417 nu
574 331 612 398 r.
647 327 801 397 L1v11·
1059 301 1182 412 ῢῐὲἒῖί

156 476 254 522 «vox
271 463 342 535 est,
362 449 580 518 abstinerent
591 473 744 518 manus:
764 451 885 517 Deam
905 468 976 516 sua
994 445 1129 543 templa
1143 446 1209 516 de-

154 563 377 652 eſsemuram.
391 559 484 647 Quia
496 558 663 630 movendi
677 555 763 628 inde
778 555 963 628 thesauros
975 556 1119 659 incussa
1132 571 1213 626 erat

155 670 322 765 «religi0,
347 692 454 738 muro
478 668 699 747 circumdare
720 666 897 764 templum
923 665 1143 737 voluerunt:
1163 665 1210 736 ad

154 779 406 875 «aliquantum
427 779 502 873 jam
525 777 722 848 altitudinis
751 778 902 848 excitata
924 790 1026 847 erant
1055 777 1210 862 moenia,

155 921 171 955 «
184 912 297 985 quum
309 885 430 958 subito
440 887 596 984 collapsa
605 888 710 958 ruina
721 902 816 957 sunt.
829 885 898 958 Sed
910 901 945 957 et
955 910 1053 957 nunc
1064 900 1101 958 et
1115 911 1211 983 saepe

155 998 267 1069 «alias
280 1001 358 1068 Dea
370 1020 472 1067 suam
486 997 608 1069 sedem
626 1021 806 1093 suumque
824 996 997 1094 templum
1015 1009 1077 1067 aut
1094 1009 1210 1066 tutata

156 1141 172 1175 κ
186 1125 255 1196 est,
274 1123 336 1179 aut
354 1133 375 1179 a
391 1106 623 1180 violatoribus
637 1110 755 1206 gravia
768 1107 906 1204 piacula
918 1106 1047 1201 exegit.
1060 1108 1210 1177 Nostras

155 1248 172 1283 «
185 1218 332 1312 injurias
341 1241 408 1288 nec
419 1231 554 1314 potest,
565 1242 634 1288 nec
643 1219 754 1316 possit
764 1217 852 1288 alius
859 1216 996 1300 ulcisci,
1010 1239 1122 1312 quam
1131 1238 1212 1301 vos,

155 1357 172 1392 ι(
187 1331 306 1398 Patres
318 1328 522 1424 conscripti.
534 1327 587 1398 Ad
597 1352 661 1398 vos
669 1341 897 1422 vestramque
909 1324 1017 1395 iidem
1029 1324 1211 1421 supplices

154 1466 171 1501 α
186 1434 436 1534 confugimus:
462 1437 553 1507 nihil
575 1451 698 1507 nostra
721 1439 889 1523 interest,
912 1449 1034 1505 utrum
1056 1432 1124 1504 sub
1147 1433 1212 1503 illo

155 1575 173 1610 ιι
187 1546 319 1643 legato,
334 1545 403 1617 sub
417 1545 480 1616 illo
494 1547 659 1642 praesidio
670 1550 804 1616 Locros
815 1568 891 1616 esse
905 1545 1042 1630 sinatis,
1058 1567 1106 1612 an
1119 1543 1212 1612 irato

155 1685 172 1719 α
185 1655 377 1726 Hannibali
386 1670 422 1728 et
435 1657 553 1726 Poenis
562 1654 606 1725 ad
617 1655 832 1753 supplicium
842 1652 988 1724 dedatis.
998 1656 1081 1724 Non
1090 1666 1212 1753 postu·

155 1794 172 1828 α
186 1764 316 1852 lamus,
331 1779 373 1835 ut
387 1763 570 1862 extemplo
582 1763 706 1852 nobis,
720 1778 761 1834 ut
779 1764 825 1834 de
843 1763 1008 1850 absente,
1021 1777 1062 1832 ut
1075 1762 1212 1832 indicta

156 1895 290 1943 «causa
299 1872 451 1945 credatis
465 1900 473 1941 ε
488 1875 625 1960 veniat,
636 1898 753 1944 coram
768 1874 845 1970 ipse
854 1872 1075 1969 audiat,ipse
1085 1870 1210 1941 diluat.

156 2010 174 2045 α
185 1983 222 2053 Si
239 1983 438 2079 quidquam
454 1982 613 2069 sceleris,
628 1983 728 2080 quod
743 1981 854 2054 homo
868 1984 906 2052 in
920 1982 1087 2053 homines
1104 1983 1211 2054 edere

157 2088 320 2189 «potest,
334 2093 373 2161 in
393 2117 458 2162 nos
478 2093 719 2189 praetermisit,
736 2116 812 2161 non
827 2115 1049 2178 recusamus,
1068 2093 1159 2189 quin
1176 2105 1212 2162 et

157 2229 174 2263 κ
186 2224 252 2270 nos
262 2202 383 2270 omnia
392 2200 517 2271 eadem
526 2203 674 2289 iterum,
685 2203 714 2272 si
724 2203 798 2299 pati
807 2225 1009 2298 possumus,
1018 2203 1211 2299 patiamur3

157 2321 223 2377 «et
235 2307 295 2377 ille
310 2310 411 2378 omni
424 2307 546 2378 divino
560 2309 794 2406 humanoque
808 2309 980 2382 liberetur
993 2311 1139 2383 scelere.
1148 2341 1166 2376 1>

167 2425 170 2435 '
205 2421 391 2487 XIX.Haec
404 2441 517 2512 quum
527 2416 573 2487 ab
584 2418 706 2514 legatis
714 2419 809 2490 dicta
817 2435 948 2507 esseut,
957 2421 1212 2517 quaesissetque

158 2524 204 2596 ab
222 2526 264 2596 iis
277 2530 320 2617 Q.
335 2525 481 2614 Fabius,
497 2526 757 2599 detulissentne
771 2553 830 2599 eas
845 2528 1009 2624 querelas
1025 2527 1070 2597 ad
1083 2533 1119 2598 P.
1137 2532 1213 2600 Sci-

158 2637 323 2732 pionem,
343 2636 628 2734 responderunt,
646 2644 772 2709 missos
787 2637 920 2733 legatos
936 2662 1028 2725 esse,
1045 2639 1113 2708 sed
1129 2664 1215 2709 eum

159 2744 244 2816 belli
257 2761 439 2842 apparatu
452 2763 664 2842 occupatum
681 2772 773 2834 esse,
786 2763 824 2817 et
834 2753 872 2816 in
880 2748 1046 2838 Africam
1059 2750 1214 2843 autjam

158 2857 352 2949 trajecisse,
372 2871 439 2925 aut
454 2861 549 2926 intra
557 2882 700 2953 paucos
721 2857 797 2928 dies
815 2860 1068 2952 trajectarum:
1089 2874 1143 2944 et,
1167 2858 1216 2928 le-

153 2970 235 3059 gati
247 2969 367 3059 gratia
385 2980 524 3062 quanta
545 2981 636 3037 esset
650 2967 754 3064 apud
769 2972 1032 3064 imperatorem,
1048 2983 1216 3065 expertos

158 3096 248 3157 esse,
264 3097 391 3169 quum,
412 3079 602 3144 inteream
620 3091 657 3145 et
667 3075 827 3145 tribunos
845 3081 987 3170 cognita
1004 3101 1131 3163 causa,
1151 3082 1216 3146 tn'·

159 3181 274 3250 bunos
299 3187 336 3249 in
355 3181 506 3252 ‘uincula
527 3185 731 3277 conjecerit,-
750 3182 906 3279 legatum
932 3208 1037 3281 reque
1058 3201 1215 3272 sontem,

158 3295 350 3384 nutmngrs
360 3295 486 3377 etiam,
502 3295 540 3360 in
555 3304 803 3390 capotestnte¹
820 3292 1010 3390 reliquerit.
1030 3295 1141 3365 iussis
1157 3320 1219 3367 ex·

159 3397 287 3468 cedere
306 3422 326 3468 e
346 3399 501 3495 templo²
522 3399 665 3497 legatis,
691 3428 767 3474 non
789 3403 982 3473 Pleminius
1003 3402 1133 3492 modo,
1152 3405 1218 3476 sed

159 3506 265 3575 etiam
274 3506 411 3602 Scipio,
421 3508 626 3606 principum
635 3510 858 3583 orationibus
870 3512 1130 3585 lacerari.Aute
1144 3539 1220 3585 om·

158 3639 231 3685 nes·
241 3616 286 3705 Q.
304 3612 453 3703 Fabius,
478 3631 602 3688 natum
622 3644 706 3691 eum
728 3621 773 3692 ad
790 3621 1092 3719 corrumpendam
1109 3622 1219 3693 disci-

158 3872 206 3919 nisi
218 3871 241 3920 is
256 3873 287 3921 de
302 3874 358 3923 loco
371 3877 533 3940 propinquo,
553 3889 582 3926 ut
595 3895 662 3944 ‘saepe
740 3881 802 3928 Car.
819 3881 893 3931 xlx.
904 3895 927 3928 1.
942 3883 976 3929 th
992 3896 1023 3929 ea
1038 3891 1176 3946 potam,
1193 3881 1221 3931 ld

157 3945 232 4003 solet,
248 3947 341 3996 dictum
358 3951 503 4001 credamus:
518 3955 587 4017 quod
602 3955 663 4004 mihi
706 3968 755 4016 ert,
768 3958 849 4022 legati.

156 4041 207 4073 nou
222 4024 348 4102 probabile
361 4027 467 4088 videtum
481 4030 546 4078 Duk.
742 4052 767 4083 a.
784 4035 911 4085 amm
924 4052 939 4083 e
956 4037 1059 4102 templus
1076 4038 1135 4089 vida
1145 4038 1179 4088 td
1190 4041 1220 4098 t,
