2768 4574
194 313 260 380 108
614 316 652 381 r.
684 314 820 381 alvu
1104 289 1230 398 ltsstttl'.

188 447 266 502 turn
283 431 329 502 de
345 433 505 504 exercitu
520 424 732 522 Cufrutvii,
747 435 810 531 qui
825 434 945 530 priore
963 456 1060 507 anno
1075 431 1113 500 in
1128 431 1261 528 Apulia

189 541 285 613 foede
305 565 415 613 caesus
435 541 651 642 fugatusque
673 559 757 616 erat.
774 545 865 614 Huic
886 543 1010 638 generi
1028 541 1185 611 militum
1202 566 1262 613 se-

189 673 296 726 natus
317 657 503 742 eumdem,
526 684 637 757 quern
654 657 897 729 cannensibus
906 653 933 745 ⁵,
950 654 1061 726 finem
1083 671 1262 727 statuerat

189 765 345 853 militiae;
360 765 520 838 additum
534 771 641 840 etiam
655 782 892 864 utrorumque
908 768 1113 865 ignominia
1124 780 1197 854 est,
1211 791 1261 838 ne

189 877 228 944 in
252 876 396 973 oppidis
418 877 673 966 hibernarent,
693 904 785 950 neve
804 876 956 949 hiberna
974 879 1127 975 propius
1149 875 1264 946 ullam

188 984 319 1055 urbem
339 985 464 1059 decem
483 987 642 1060 millibus
665 1013 836 1087 passuum
857 987 1085 1060 aedilicarent.
1107 990 1146 1056 L.
1169 990 1263 1057 Cor-

189 1095 287 1167 nelio
302 1099 341 1168 in
351 1097 512 1170 Sardinia
528 1099 608 1170 duae
619 1100 777 1198 legiones
791 1100 899 1187 datae,
914 1099 1048 1196 quibus
1060 1101 1104 1187 Q.
1118 1098 1264 1168 Mucius

189 1207 393 1306 praesuerat.
404 1211 704 1309 Supplementum
715 1266 724 1297 ‚
736 1213 764 1281 si
774 1234 868 1308 opus
879 1225 986 1298 esset,
998 1208 1164 1280 consules
1179 1209 1266 1279 scri-

190 1316 279 1390 bere
288 1321 389 1414 jussi.
401 1326 440 1391 T.
456 1322 607 1393 Otacilio
625 1337 660 1393 et
673 1318 890 1394 M.Valerio⁶
905 1321 1030 1393 Siciliae
1044 1318 1265 1417 Graciaeque

191 1454 254 1500 ora
278 1455 362 1501 cum
387 1431 590 1528 legionibus
615 1432 883 1530 classibusque,
905 1430 1040 1528 quibus
1061 1442 1264 1528 praeerant,

191 1540 355 1612 decretae.
372 1545 646 1641 Quinquaginta
660 1544 792 1632 Graeci,
808 1567 890 1613 cum
907 1541 1050 1638 legione
1069 1564 1159 1627 una,
1180 1562 1266 1609 cen-

188 1665 268 1727 tum
291 1652 401 1723 Siculi
425 1679 508 1726 cum
534 1653 675 1726 duabus
697 1653 902 1752 legionibus
927 1649 1112 1722 habebant
1137 1672 1263 1720 naves.

187 1761 320 1833 Tribus
338 1778 374 1834 et
387 1765 513 1862 viginti
528 1764 758 1863 legionibusr
774 1763 935 1834 romanis
949 1786 994 1832 eo
1010 1784 1107 1831 anno
1121 1758 1267 1830 bellum

193 1887 289 1943 terra
302 1875 466 1970 marique
482 1890 536 1946 est
551 1889 704 1973 gestum.

241 1986 287 2051 ll.
302 1982 482 2080 Principio
500 1984 578 2079 ejus
598 1986 683 2055 anni
698 2007 811 2080 quum
828 1981 873 2053 de
888 1982 1000 2052 literis
1013 1986 1052 2051 L.
1070 1979 1196 2049 Marcii
1211 2002 1268 2048 re·

191 2090 347 2162 ferretur
360 2103 385 2180 ¹,
410 2117 466 2163 res
489 2109 596 2192 gestae
620 2093 817 2192 magnificae
844 2092 984 2162 senatui
1004 2091 1087 2160 visae
1108 2114 1115 2156 :
1136 2087 1268 2158 titulus

192 2200 343 2274 honoris
358 2201 500 2301 (quod,
516 2206 668 2303 irnperio
682 2230 758 2274 non
774 2203 899 2301 populi
912 2201 1035 2296 jussu,
1051 2223 1126 2268 non
1140 2223 1186 2269 ex
1199 2222 1268 2269 au·

192 2315 358 2385 ctoritate
374 2319 519 2386 Patrum
536 2316 620 2387 dato
631 2371 640 2403 ,
652 2322 861 2413 Proproetor
871 2316 1032 2397 senatui,
1049 2306 1269 2404 scripserat)

192 2446 358 2519 magnam
368 2439 507 2521 partem
519 2425 708 2496 hominum
718 2419 938 2494 offendebat.
951 2426 1041 2491 Rern
1051 2419 1135 2490 mali
1145 2442 1267 2489 exem·

193 2531 244 2630 pli
263 2557 357 2620 esse,
376 2535 612 2632 imperatores
632 2536 703 2634 legi
720 2533 765 2604 ab
788 2531 1025 2620 exercitibus,
1051 2545 1086 2601 et
1112 2528 1270 2601 solenne

193 2644 461 2741 auspicatorum
471 2648 700 2716 comitiorum
710 2655 724 2685 ²
735 2646 773 2714 in
783 2657 896 2714 castra
909 2656 944 2713 et
955 2640 1170 2738 provincias,
1184 2662 1270 2736 pro

98 2814 103 2825 .
195 2753 253 2826 cul
271 2753 317 2824 ab
338 2753 478 2851 legibus
493 2754 857 2854 magistratibusque,
877 2752 922 2824 ad
943 2752 1134 2822 militarem
1149 2765 1268 2822 teme·
1306 2814 1310 2820 .

231 2944 254 2990 5.
277 2945 353 3006 Quem
361 2944 519 2992 castrensibus
528 2943 660 3003 militibus;
674 2943 706 2989 cf.
743 2939 877 3006 stortura
890 2936 1031 2985 consulibus
1046 2935 1078 2983 ad
1091 2945 1213 2982 senatum
1230 2960 1269 2971 -·

196 3038 220 3070 n.
231 3022 255 3070 3.
751 3017 856 3082 Imperio
870 3033 918 3064 non
926 3015 1103 3081 populijuesu,
1121 3013 1166 3060 sed
1178 3012 1267 3062 emili·

231 3102 256 3150 6.
270 3101 413 3149 Maecilio
423 3100 597 3149 etMValerio
607 3101 707 3148 Laevino
752 3099 817 3149 tibus
840 3097 921 3154 dato,-
939 3096 996 3144 vide
1014 3107 1094 3143 tamen
1118 3091 1150 3141 sd
1171 3092 1266 3141 librum

195 3179 284 3227 Sicilire
292 3180 442 3246 Graeciaeque
451 3197 496 3227 ora
505 3179 600 3244 (confer
609 3180 707 3239 xm,
751 3181 836 3236 XXV,
850 3193 904 3241 cap.
915 3176 956 3234 37.

197 3267 241 3317 4ο,
258 3267 303 3318 44ς
318 3261 402 3321 XXV,
417 3259 448 3326 3)
462 3277 516 3307 cum
530 3258 662 3324 legionibus
786 3274 811 3306 2.
833 3257 934 3304 Solense
952 3251 1135 3316 ausptcatorum
1151 3249 1266 3298 comitio·

196 3339 312 3398 decretae,
329 3341 382 3388 scil.
395 3339 545 3405 provinciae3
560 3341 639 3387 Geon.
659 3339 707 3387 Sed
751 3354 819 3394 nem,
841 3335 1026 3388 solennitatem,
1042 3333 1168 3379 solennem
1187 3328 1267 3378 ritum

196 3420 260 3467 forte
269 3418 316 3482 leg.
329 3435 394 3477 orte,
405 3432 447 3468 aut
458 3419 542 3484 potius
556 3433 602 3465 ora
612 3434 666 3464 cum
674 3419 706 3465 Ie·
751 3417 899 3465 curiatorum
914 3412 1068 3461 comitiorum
1083 3409 1210 3474 auspicato
1224 3408 1269 3458 be·

193 3497 315 3563 gionibus,
326 3509 386 3556 eto,
397 3499 490 3546 dictum
496 3513 543 3563 pro
550 3513 596 3544 ora
604 3508 629 3544 et
636 3497 707 3561 legio·
750 3496 895 3544 bandorum.
914 3492 1005 3541 Confer
1016 3489 1047 3536 ad
1056 3489 1088 3548 V,
1101 3504 1149 3547 21,
1160 3503 1186 3536 n.
1201 3501 1231 3546 1,
1242 3499 1269 3538 et

196 3592 238 3624 nes
247 3577 395 3640 classesque,·
405 3578 461 3625 vide
470 3577 502 3625 ad
510 3578 586 3636 ut,
595 3577 707 3635 60,n.5‚
750 3577 783 3634 V,
795 3575 843 3631 46,
858 3589 883 3621 n.
899 3574 924 3619 8.
945 3574 1000 3619 Hoc
1018 3568 1096 3616 intell.
1113 3567 1143 3614 de
1156 3567 1269 3615 comitiis

196 3655 295 3704 ἄπνοια
314 3658 424 3722 reposuit
437 3657 550 3706 Glarean.
568 3683 604 3692 -
627 3655 709 3703 Graeci
751 3653 864 3710 curiatis,
878 3664 902 3700 et
914 3650 986 3698 etiam
998 3649 1040 3708 iis,
1056 3646 1100 3710 qui
1118 3662 1150 3693 ex
1162 3645 1268 3710 privatis

198 3733 321 3783 habebam
337 3752 423 3794 naves,
444 3737 492 3786 boc
507 3748 555 3796 est,
573 3737 600 3784 in
613 3736 708 3784 Graecia
751 3733 783 3782 ad
790 3732 854 3780 bella
860 3730 1027 3785 mittebantur,
1035 3725 1268 3774 necessariamfuis·

198 3813 297 3877 ejusque
312 3831 355 3862 ora
368 3827 437 3864 erant
447 3833 520 3864 naves
531 3832 594 3864 rom.
751 3829 777 3861 se
784 3812 863 3875 legem
873 3810 1003 3867 curiatam,
1013 3824 1044 3855 ex
1053 3805 1079 3853 h.
1090 3804 1107 3853 l.
1120 3816 1204 3870 patere
1214 3821 1270 3854 mo·

235 3908 258 3950 7.
276 3895 369 3940 XXIII
379 3895 523 3959 legionibm‚
540 3897 602 3944 MSS
615 3905 639 3943 et
650 3893 706 3942 edd.
750 3903 810 3942 nent
827 3891 892 3939 Duk.
911 3889 943 3936 ad
954 3888 980 3934 h.
991 3887 1008 3934 l.
1023 3898 1047 3934 et
1065 3884 1158 3933 Gruch.
1177 3884 1205 3932 in
1216 3886 1269 3935 us-

199 3981 255 4018 ente
266 3971 322 4018 ΑΜ.
338 3974 455 4021 XXXIII
466 3975 512 4039 leg.
750 3972 847 4037 sponsis
858 3969 889 4017 ad
905 3967 975 4015 binas
989 3965 1084 4028 Sigouil
1096 3963 1269 4028 reprehensio·

151 4104 154 4111 ,
235 4049 294 4101 eu».
307 4053 340 4100 ΙΙ.
357 4067 378 4099 1.
392 4054 429 4101 De
441 4051 514 4102 literis
527 4055 557 4104 L„
568 4052 659 4100 Marcii
670 4068 706 4100 re·
750 4068 794 4101 nes
805 4066 860 4118 pag.
872 4055 934 4109 μή,
944 4057 968 4094 et
978 4045 1005 4094 in
1013 4045 1120 4095 uetant.
1131 4043 1163 4093 sd
1170 4055 1271 4113 poster.
