2768 4574
194 288 314 396 &15:233
363 310 515 376 Llnnn
546 309 706 376 xxvii.
735 309 839 395 oar.
866 310 1041 380 xxxvl.
1156 310 1220 387 301

166 419 238 510 jam
254 434 379 490 coacto
397 421 555 491 exercitu
571 421 737 515 proximo
754 445 837 490 vere
849 420 956 517 Alpes
971 423 1204 515 {rejecturum
1218 451 1228 514 ;

167 553 235 600 nec
250 544 327 599 tum
342 554 426 599 eum
443 528 644 626 quidquam
658 528 754 598 alind
772 532 921 618 morari,
937 533 1004 600 nisi
1021 532 1120 628 qnod
1136 534 1228 605 clau·

168 662 213 710 sae
227 638 345 709 hieme
359 637 487 735 Alpes²
503 652 631 708 essent.
651 643 691 707 In
709 638 828 707 locum
843 643 891 708 M.
902 641 1226 717 MarcelliP.AElius
1241 719 1243 722 Α

167 753 281 818 Paetus
298 772 412 844 augur
435 761 575 818 creatus
596 749 922 844 inauguratusque3
946 745 1225 825 etCn.Cori1e·

166 859 234 930 lius
248 856 435 929 Dolabella
451 859 515 929 rex
530 882 714 928 sacrorum
733 858 967 952 inauguratus
980 874 1033 929 est
1052 861 1090 928 in
1106 861 1226 932 locum

165 970 213 1039 Μ.
228 971 377 1056 Marcii,
386 971 449 1065 qui
463 967 613 1039 biennio
627 982 709 1038 ante
724 981 892 1038 mortuus
904 984 990 1039 erat.
1007 961 1084 1041 Hoc
1098 972 1226 1045 eodem

165 1104 261 1150 anno
281 1095 317 1152 et
337 1079 491 1149 lustrum
513 1078 700 1149 conditum
720 1093 774 1149 est
793 1105 813 1148 a
832 1079 1044 1150 censoribus
1068 1085 1105 1151 P.
1124 1087 1225 1152 Sem·

164 1192 297 1287 pronio
307 1189 486 1259 Tuditano
499 1204 534 1259 et
546 1193 595 1258 M.
607 1189 777 1259 Cornelio
785 1189 946 1284 Cethego
957 1217 964 1259 :
977 1215 1083 1260 censa
1092 1192 1225 1262 civium

165 1301 281 1396 capita
295 1314 439 1370 centurn
454 1300 601 1395 triginta
621 1312 757 1395 septem
774 1299 885 1369 millia
902 1314 1049 1370 centum
1067 1315 1103 1371 et
1118 1317 1223 1373 octo:

164 1410 283 1477 minor
300 1408 484 1504 aliquanto
499 1432 688 1495 numerus,
702 1433 810 1504 quarn
828 1410 890 1505 qui
905 1424 988 1480 ante
1003 1409 1139 1481 bellum
1154 1411 1226 1486 fue·

162 1513 249 1586 rati.
275 1523 327 1588 Eo
350 1543 447 1589 anno
469 1519 645 1615 primum,
668 1542 712 1588 ex
733 1543 807 1614 quo
825 1518 1005 1591 Hannibal
1028 1523 1066 1607 in
1086 1523 1223 1595 Italiam

162 1630 334 1717 venisset,
349 1631 535 1699 comitium
554 1633 716 1699 tectumt
731 1655 822 1715 esse,
841 1634 1022 1702 memoriae
1039 1634 1224 1730 proditum

163 1753 235 1824 est,
254 1753 289 1809 et
307 1739 412 1809 ludos
429 1743 612 1809 Romanos
632 1739 743 1810 semel
761 1743 976 1811 instauratos
995 1740 1040 1811 ab
1062 1742 1224 1815 aedilibus

163 1848 350 1920 curulibus
367 1854 410 1940 Q.
429 1850 577 1920 Metello
599 1864 634 1919 et
653 1854 693 1920 C.
712 1849 885 1937 Servilio;
904 1864 939 1920 et
958 1849 1108 1947 plebeiis
1128 1849 1221 1945 ludis

162 1958 314 2029 biduum
336 1956 599 2030 instauratum⁵
623 1958 668 2029 ab
693 1964 737 2050 Q.
760 1959 920 2029 Mamilio
945 1974 981 2031 et
1002 1965 1058 2030 M.
1081 1961 1221 2032 Caecilio

162 2069 309 2139 Metello
321 2067 483 2140 aedilibus
494 2069 609 2166 plebis
619 2097 629 2157 ;
641 2083 677 2140 et
687 2071 755 2140 tria
770 2071 871 2172 signa
882 2070 926 2139 ad
939 2067 1102 2142 Cereris⁶
1114 2071 1222 2144 iidem

161 2178 359 2263 dederunt;
380 2194 415 2248 et
428 2180 526 2249 Jovis
545 2179 694 2276 epulum
714 2176 782 2248 fuit
800 2178 971 2248 ludorum
990 2203 1104 2250 causa.
1125 2184 1221 2271 Con·

196 2401 219 2431 a.
234 2382 329 2430 Clausa
335 2380 412 2429 bieme
421 2382 507 2445 ‘limi'
517 2379 567 2428 vid.
576 2381 666 2437 XXX,
710 2380 806 2437 locum,
822 2379 967 2442 Liviumque
979 2379 1020 2426 hic
1033 2396 1084 2428 non
1098 2381 1178 2431 sulum
1190 2382 1220 2431 de

161 2463 207 2519 26,
220 2479 244 2508 n.
254 2463 278 2508 3.
711 2474 787 2517 anno,
797 2474 847 2521 quo
858 2469 949 2506 tectum
962 2459 1055 2506 comitii
1068 2461 1219 2523 perlectum,

196 2541 218 2586 3.
231 2541 315 2586 Minor
323 2540 451 2603 aliquanto
461 2552 583 2595 numerus,
594 2555 667 2602 qnam
712 2554 794 2586 verum
816 2538 905 2595 etium,
925 2553 975 2600 quo
1000 2538 1142 2586 inchoatum
1165 2551 1220 2599 est,

160 2618 272 2678 quiante
286 2618 489 2682 bellumsnerat:
506 2617 581 2663 immo
598 2633 667 2680 paene
711 2633 799 2681 nempe
812 2633 857 2674 eo,
871 2632 921 2678 quo
939 2616 1062 2664 Hannibal
1080 2618 1107 2663 in
1125 2619 1219 2667 Italiam

161 2695 236 2759 duplo
245 2697 332 2743 minor.
339 2697 411 2744 Conf.
420 2696 485 2758 Epit.
493 2696 553 2742 XX.
563 2698 667 2746 Immen·
712 2697 791 2751 venit,
804 2695 888 2757 egisse.
901 2695 963 2743 Nam
976 2711 1028 2741 non
1041 2696 1158 2745 credibile
1171 2709 1220 2757 est,

160 2791 212 2820 sum
227 2774 418 2837 quoqued1ffert
431 2774 517 2831 abeo,
532 2775 576 2837 qui
588 2774 667 2822 lustro
711 2773 773 2821 illud
787 2785 834 2820 tam
845 2774 927 2837 exigui
937 2775 1018 2837 operis
1028 2774 1114 2833 fuisse,
1132 2787 1159 2824 ut
1169 2793 1219 2824 nno

160 2870 210 2916 seq.
219 2854 322 2910 XXIX,
335 2854 364 2911 37
376 2852 470 2900 editur:
482 2864 506 2899 et
516 2838 597 2899 temen
605 2851 668 2900 nihil
711 2853 818 2900 alterove
834 2868 915 2909 anno,
930 2854 1063 2917 presertim
1080 2853 1129 2900 illis
1145 2871 1221 2918 angu-

159 2934 253 2980 verient
261 2931 318 2978 libri
327 2929 352 2978 h.
365 2929 382 2979 l.
396 2941 419 2977 et
434 2931 460 2976 in
475 2932 541 2994 Epic.
554 2929 627 2990 huius
637 2931 667 2977 li·
711 2932 764 2979 stiis
772 2931 862 2989 aerarii,
872 2932 966 2980 absolvi
975 2934 1093 2995 potuerit.
1102 2953 1114 2973 a
1126 2933 1219 2981 Duker.

159 3011 205 3059 bri.
220 3009 294 3059 Drak.
713 3008 821 3074 Coepnam
834 3021 892 3074 post
904 3010 1009 3057 venisset
1020 3010 1141 3058 excidisse
1152 3023 1221 3075 puts·

196 3101 219 3146 4,
233 3091 271 3136 Eo
285 3105 350 3136 anno
359 3087 478 3151 primum,
494 3102 527 3132 ex
538 3086 666 3149 qno'Han-
710 3088 752 3136 bnt
764 3089 882 3137 Roellius.
900 3089 980 3137 Verba
997 3099 1077 3136 autem
1093 3089 1129 3136 sic
1144 3101 1220 3137 trans·

159 3170 228 3216 nibal
245 3169 270 3215 in
288 3169 389 3215 Italiam
404 3167 522 3222 venisset,
542 3165 665 3213 comitium
708 3167 818 3230 ponebat
834 3169 904 3216 Crev.
920 3169 958 3214 Eo
971 3184 1037 3225 anno
1049 3167 1171 3231 primum,
1189 3184 1222 3216 en

159 3248 226 3313 (vide
237 3244 307 3305 adl,
322 3247 368 3305 36,
387 3263 411 3292 n.
425 3246 453 3308 6)
467 3255 555 3291 tectum
565 3245 666 3308 tegulis3
710 3262 758 3309 qno
773 3247 856 3294 Hann.
873 3247 898 3293 in
913 3247 972 3295 Ital.
986 3245 1105 3303 ¹venisset,
1120 3247 1219 3294 lustrum

158 3326 224 3374 conf.
237 3326 269 3372 ad
281 3327 366 3383 XLII,
378 3326 407 3383 3,
423 3340 448 3371 n.
464 3339 474 3370 r
488 3334 512 3370 et
523 3324 547 3371 3.
562 3324 665 3370 «Verba
710 3323 835 3372 conditum
848 3336 884 3372 est
896 3343 913 3372 a
929 3324 1065 3371 censoribus
1083 3325 1148 3388 (narn
1163 3325 1221 3372 licet

158 3422 190 3452 ex
209 3422 256 3467 qno
275 3403 401 3451 Hannibal
421 3404 445 3450 in
468 3402 525 3450 nat
547 3418 604 3449 nen.
628 3402 667 3449 vel
711 3415 747 3451 ter
759 3419 873 3451 censores
885 3404 960 3451 creati
973 3415 1042 3460 snut,
1055 3419 1086 3450 ex
1098 3420 1147 3466 quo
1157 3407 1221 3453 Han·

158 3485 251 3541 otiosa,
270 3482 308 3531 vel
328 3493 459 3546 corrupta:
476 3492 541 3529 certe
557 3494 609 3528 nott
624 3497 666 3544 pe-
710 3482 816 3529 nibella
832 3483 925 3531 Italiam
943 3483 1025 3538 venit,
1039 3481 1065 3528 hi
1080 3492 1161 3530 tomen
1174 3482 1222 3530 soli

158 3564 251 3616 ciuntur
269 3562 493 3626 interpretationem
511 3561 625 3608 Merliani
643 3571 668 3608 et
710 3560 812 3608 lustrum
833 3561 980 3625 condidere)
988 3590 1048 3607 .....
1055 3572 1112 3607 ante
1134 3561 1221 3620 bellum

157 3641 276 3690 Nardini:
291 3641 414 3688 comitium
430 3657 458 3688 eo
472 3656 551 3697 anno,
570 3657 617 3704 qno
633 3640 665 3686 11.
703 3639 798 3704 ficerat.
817 3641 871 3687 Hoc
884 3640 968 3686 ecdem
982 3655 1048 3686 anno
1063 3650 1088 3686 et
1098 3639 1221 3709 comitium

158 3721 183 3767 in
193 3720 295 3767 ltaliam
307 3721 388 3776 venit,
408 3731 495 3766 tecuam
501 3719 588 3784 finisse.
604 3720 666 3768 Nam
711 3729 798 3765 tectum
809 3735 871 3775 esse,
885 3730 932 3765 etc.

157 3784 202 3846 nec
210 3815 354 3861 quemquam
366 3800 390 3845 in
400 3799 550 3862 designando
558 3810 667 3862 tempore
747 3799 770 3847 5.
784 3798 866 3845 Ludos
876 3794 998 3843 Montanos
1012 3797 1087 3843 semel
1099 3796 1220 3845 bistaura·

157 3880 191 3926 ita
209 3879 339 3944 loquutum
360 3889 436 3940 puto,
456 3894 501 3925 nec
520 3879 608 3936 video,
626 3889 669 3924 cur
712 3889 818 3924 tos...et
826 3875 928 3939 plebeiis
943 3875 1006 3923 ludis
1020 3875 1118 3922 biduum
1129 3876 1221 3924 inescan-

157 3959 241 4008 Livius
263 3958 292 4004 id
311 3956 409 4003 demum
430 3956 478 4003 hoc
498 3973 563 4003 anno
579 3972 668 4004 memo·
712 3967 864 4012 raturn,etc.
873 3954 931 4001 vide
941 3953 972 4000 ed
982 3954 1114 4012 11,36,n.
1127 3971 1149 4003 1.

161 4053 213 4086 rare
226 4038 339 4087 voluerit.
349 4036 477 4100 „Suspicor
488 4036 600 4098 mutilum
616 4051 667 4084 esse
720 4077 724 4081 .
747 4035 772 4082 6.
790 4033 848 4081 Tria
861 4032 932 4097 signa
947 4033 984 4079 ad
993 4032 1103 4090 *Cereriu
1117 4031 1218 4080 vidend
