2768 4574
207 335 277 430 274
631 336 669 402 r.
703 336 844 405 mvn
1119 320 1251 426 stat.

257 460 384 527 XXIII.
410 460 582 525 Praetores
609 456 646 525 in
670 458 874 555 provincias
900 454 1054 553 profecti
1076 482 1084 526 ε
1104 459 1279 531 consules
1343 532 1358 555 ⁴

208 567 334 663 religio
360 563 550 651 tenebar,
576 565 694 661 quod,
718 564 891 664 prodigiis
914 565 1053 663 aliquot
1074 569 1279 657 nuntiatis,

209 701 285 747 non
305 674 407 746 facile
426 672 589 745 litabant.
611 678 655 745 Et
675 701 720 746 ex
739 677 934 774 Campania
957 678 1121 747 nuntiata
1146 695 1278 767 erant,

210 793 342 883 Capuae
355 783 446 856 duas
464 785 572 871 aedes,
585 789 753 855 Fortnnae
765 799 802 855 et
814 786 958 871 Martis,
976 799 1013 855 et
1025 785 1195 883 sepulcra
1210 787 1280 858 ali-

210 913 302 996 quot
317 897 363 967 de
373 896 465 966 ⁴carlo
480 909 572 966 tacta
589 923 595 963 :
614 896 736 964 Cumis
746 895 759 990 (
769 894 859 965 adeo
871 896 1029 965 minimis
1042 897 1150 966 etiarn
1162 897 1282 969 rebus

208 1032 316 1106 prava
333 1006 462 1102 religio
482 1005 606 1075 inserit
621 1002 727 1098 deos)
743 1029 864 1073 mures
878 1005 917 1073 in
935 1002 1011 1074 aede
1027 1006 1124 1075 Iovis
1141 1030 1282 1078 aurum

208 1119 362 1189 rosisse²
380 1142 387 1183 :
407 1115 526 1185 Casini
543 1137 694 1183 examen
711 1115 831 1209 apium
853 1114 982 1209 ingens
998 1113 1037 1181 in
1050 1109 1131 1183 foro
1150 1139 1282 1189 conse·

208 1226 328 1298 disse:
349 1241 385 1297 et
404 1225 513 1296 Ostiae
537 1247 685 1293 murum
707 1236 924 1320 portamque
945 1221 991 1293 de
1010 1222 1096 1295 caelo
1116 1238 1279 1299 tactam:

209 1338 307 1405 Caere
327 1332 524 1403 vulturium
550 1331 688 1405 volasse
706 1333 744 1401 in
769 1330 845 1402 aede
867 1334 963 1403 Jovis
981 1332 1175 1405 :Volsiniis
1195 1364 1281 1411 san·

208 1445 317 1543 guine
329 1443 448 1514 lacum
462 1466 636 1513 manasse.
648 1448 785 1513 Horum
796 1441 1044 1539 prodigiorum
1055 1467 1161 1515 causa
1175 1445 1281 1517 diem

208 1579 325 1626 unum
348 1553 563 1652 supplicatio
585 1550 682 1636 fuit:
700 1576 768 1649 per
792 1552 868 1622 dies
886 1552 1025 1647 aliquot
1045 1552 1171 1623 hostiae
1200 1580 1281 1627 ma-

204 1666 304 1760 jores
325 1667 401 1736 sine
420 1665 582 1735 litatione
603 1686 717 1750 coesae,
739 1662 877 1759 diuque
899 1688 974 1734 non
992 1665 1185 1761 impetrata
1205 1689 1280 1763 pax

208 1771 354 1847 deum3.
380 1779 425 1844 ln
455 1775 571 1870 capita
602 1772 815 1860 consulum,
839 1797 878 1842 re
902 1771 1048 1870 publica
1074 1773 1279 1865 incolumi,

209 1885 397 1976 exitiabilis
412 1882 661 1980 prodigiorum
675 1894 827 1953 e'ventus
843 1885 959 1953 vertit.
978 1884 1072 1954 Ludi
1086 1884 1280 1981 Apollina-

206 2021 286 2078 res,
300 1998 343 2085 Q.
356 1994 500 2080 Fulvio,
514 1991 749 2090 Ap..Claudio
767 1992 994 2081 consulibus,
1010 2019 1031 2063 a
1048 1998 1085 2063 P.
1097 1996 1278 2067 Cornelio

206 2106 302 2179 Sidla
317 2118 469 2200 praetore
481 2100 590 2173 Urbis
603 2104 761 2199 primum
779 2101 863 2174 facti
876 2106 1013 2175 erantt.
1032 2105 1122 2176 Inde
1140 2104 1278 2179 omnes

207 2214 377 2310 deinceps
395 2226 565 2310 praetores
584 2209 714 2281 urbani
731 2211 891 2283 fecerant
910 2241 918 2283 :
939 2213 1001 2285 sed
1021 2216 1060 2285 in
1081 2240 1201 2286 unum
1214 2242 1278 2289 an·

207 2348 296 2394 num
312 2320 511 2408 vovebant,
527 2321 658 2418 dieque
674 2324 811 2394 incerta
825 2321 1015 2395 faciebant.
1030 2330 1083 2397 Eo
1097 2350 1198 2398 anno
1213 2353 1276 2426 pe·
1334 2403 1337 2407 ,

163 2470 171 2485 ·
207 2432 361 2503 stilentia
374 2433 490 2528 gravis
500 2430 624 2501 incidit
636 2432 673 2499 in
686 2429 822 2503 Urbem
838 2458 1037 2531 agrosque3
1052 2460 1133 2533 quae
1146 2450 1277 2511 tamen

207 2544 319 2640 magis
333 2544 370 2612 in
392 2542 520 2640 longos
536 2539 706 2628 morbos,
720 2567 830 2638 quam
839 2544 882 2614 in
901 2545 1129 2642 perniciales‚
1139 2550 1274 2621 evasit.

205 2735 331 2784 adveniret
340 2733 467 2783 Tubulus:
481 2733 606 2781 nonenim
618 2742 715 2798 poterat
758 2750 788 2783 eo
800 2751 885 2784 carere
894 2737 952 2785 item
959 2736 1218 2798 jubebatur'l'ubulut.
1227 2740 1275 2788 llo.

205 2809 256 2865 hoc¹
271 2814 370 2863 Tubulo
390 2813 518 2878 imperari,
532 2813 579 2876 qui·
593 2824 646 2860 tum
664 2812 714 2876 pri-
793 2815 855 2862 Car.¹
872 2817 969 2862 xxm.
995 2831 1017 2862 1.
1042 2814 1275 2883 Consules'ralr'gio

205 2912 272 2943 muru
291 2895 317 2941 in
330 2893 483 2958 provinciam
495 2902 547 2938 erat
561 2891 715 2955 profecturus
758 2892 867 2950 tenebat,
881 2894 1001 2943 retinebat
1011 2895 1038 2941 io
1047 2894 1128 2951 Urba,
1141 2895 1183 2943 vel
1194 2897 1275 2961 Impe-

204 2975 276 3023 initio
290 2973 348 3021 anni
361 2972 411 3029 sui,
425 2985 474 3033 quo
486 2981 595 3033 tempore
604 2970 714 3016 nondum
759 2970 850 3037 diebat,
863 2989 911 3036 quo
924 2973 1005 3020 minus
1018 2971 1236 3037 proficiscerentur
1247 2976 1277 3024 in

205 3068 301 3117 equum
312 3061 378 3108 erat,
391 3049 422 3096 de
431 3049 483 3109 ejus
496 3064 635 3095 successore
647 3049 714 3112 cogi·
757 3051 897 3112 provincias
917 3067 979 3098 suas.
993 3078 1028 3087 -
1041 3052 1098 3098 Non
1109 3051 1196 3117 facile
1217 3042 1276 3103 ttiu-

205 3132 272 3180 un:
296 3128 417 3192 potumi
440 3127 505 3173 enim
528 3127 564 3174 nn
586 3127 714 3190 prorogari
756 3129 832 3187 tann-
848 3119 986 3189 vueua'n
1002 3132 1084 3189 aen.
1097 3146 1121 3177 1.

204 3208 350 3274 imperinm
372 3216 396 3252 et
418 3205 546 3268 indignum
569 3217 636 3264 erat,
659 3217 712 3253 toto
794 3225 818 3256 α.
831 3213 914 3256 Mures
931 3210 955 3256 in
975 3210 1029 3256 cede
1043 3209 1109 3257 Iovis
1127 3225 1222 3260 aarum
1236 3228 1278 3261 ro-

203 3286 301 3352 imperii
313 3285 351 3332 sui
364 3300 429 3332 anno
443 3285 488 3331 uni
501 3285 557 3332 urbi
569 3301 621 3333 non
633 3302 713 3348 oppa·
756 3287 826 3343 sisse,
839 3299 888 3337 eto.
902 3289 934 3336 cl.
951 3289 1074 3337 Plutarch.
1091 3289 1119 3335 in
1135 3290 1278 3353 Marcello,

189 3364 307 3430 ,gnandoe
336 3363 380 3411 sed
408 3363 575 3411 custodiendae
602 3364 711 3426 albgari3
756 3368 932 3430 pag.314,et
945 3384 999 3432 sup.
1014 3368 1277 3426 ad1‚31‚n.1.-

204 3445 314 3494 Perizon.
331 3445 422 3491 Restm
441 3458 524 3489 verum
540 3444 574 3490 ita
589 3458 648 3490 mox
664 3442 710 3505 leg..
757 3446 894 3493 Voltiniam
906 3447 1005 3494 rotasse
1018 3447 1042 3494 ia
1060 3446 1114 3494 oede
1126 3448 1223 3498 Iovis.-
1242 3451 1280 3501 ita

203 3534 315 3572 caverent
330 3521 394 3569 nuk.
409 3533 433 3569 et
444 3521 518 3568 Drak.
531 3520 712 3579 —Walchins,
758 3525 846 3587 optImi
857 3526 933 3584 MSS;
947 3525 972 3572 in
985 3526 1064 3573 erdem
1074 3526 1132 3573 edd.

202 3602 304 3651 Ewend.
321 3618 376 3665 pag.
392 3603 456 3658 203,
471 3600 535 3647 idem
551 3610 653 3648 conatur
671 3599 712 3646 de·
793 3604 818 3649 3.
836 3603 892 3650 Sine
911 3604 1117 3653 litatione...raort
1138 3605 1281 3670 inpetrato

202 3682 303 3729 fondere
318 3681 365 3737 ita,
378 3691 405 3726 ut
421 3679 538 3726 referatur
551 3678 583 3724 ad
599 3678 642 3736 id,
661 3694 712 3724 non
752 3698 809 3744 pax
823 3682 915 3738 derum
928 3683 986 3734 vide
999 3682 1031 3730 ad
1040 3683 1074 3741 V,
1091 3683 1142 3742 38,
1158 3700 1188 3732 n.
1203 3702 1228 3735 1.
1242 3716 1282 3727 .-

202 3760 270 3823 quod
289 3757 422 3816 antecedit,
438 3758 482 3806 sed
502 3757 570 3820 quod
593 3757 710 3820 sequitur.
759 3760 846 3816 Vertit,
863 3760 914 3808 scil.
928 3777 967 3820 se,
989 3776 1075 3809 versut
1089 3773 1141 3823 θοις
1156 3766 1233 3815 coni.
1247 3768 1281 3817 erl

201 3838 276 3900 Quod
288 3837 376 3884 vetitus
387 3848 436 3884 erat
446 3837 592 3900 Calpurnius
600 3835 632 3882 ab
641 3839 712 3883 Arre-
755 3840 794 3897 11,
809 3839 837 3896 3,
851 3856 875 3886 n.
887 3855 911 3887 a.

201 3918 237 3964 tIo
258 3932 371 3975 movere,
393 3931 423 3962 eo
441 3915 578 3978 spectabat,
599 3930 632 3960 ne
648 3915 712 3961 inter
792 3924 815 3972 4.
837 3918 902 3965 Ludi
922 3918 1096 3982 Apollinares,
1123 3920 1153 3982 Q.
1173 3924 1281 3987 Fulvio,

201 3994 339 4042 abscessum
357 3995 445 4041 veteris
463 4004 488 4039 et
502 3993 632 4040 adventurn
652 3994 712 4041 novi
757 3996 805 4059 Ap.
818 3996 921 4043 Claudio
931 3997 1076 4055 consulibus,
1088 4000 1149 4047 aa.
1159 4000 1283 4055 Comeli.

200 4075 312 4137 pretoria
326 4088 390 4120 nova
404 4070 505 4118 consilia
523 4071 653 4118 orirentur.
672 4072 712 4119 Ab
756 4074 824 4120 Sulla
833 4089 873 4138 pr.
886 4076 943 4123 ort.
951 4091 992 4138 pr.
996 4075 1066 4140 facti
1076 4088 1165 4137 erana·
1175 4082 1241 4133 vide
1249 4084 1285 4135 ul
