2768 4574
1094 293 1119 341 Α.
1133 290 1159 330 C.
1176 291 1226 334 ποί

180 312 248 384 358
608 319 645 382 T.
678 317 818 384 LIVII
1093 351 1157 393 ac,
1173 352 1226 400 ⁵4⁶-

177 460 305 533 agrum
330 449 470 506 vastum
492 460 533 504 ac
556 432 762 506 desertum⁵
788 434 933 504 habere.
959 429 1120 505 Mamilio
1150 441 1255 529 prae-

177 548 249 615 tori
267 545 496 630 mandatum,
516 560 556 616 ut
578 547 738 616 colonias
758 544 803 615 ab
822 544 926 616 hoste
949 556 1123 613 tueretur.
1146 545 1254 612 Con·

176 656 272 727 sules
297 681 341 726 ex
372 655 684 727 senatusconsulto
717 655 928 740 edixerunt,
956 666 1017 739 ut,
1050 651 1115 748 qui
1148 651 1252 726 cives

176 790 430 836 cremonenses
459 779 567 862 atque
593 766 789 863 placentini
814 778 952 851 essent,
987 777 1071 832 ante
1105 775 1251 832 certam

175 877 269 946 diem
286 878 324 945 in
338 875 498 946 colonias
512 889 791 946 reverterentur.
807 873 987 970 Principio
1001 869 1134 942 deinde
1149 871 1251 950 veris

174 1002 210 1057 et
232 988 301 1084 ipsi
326 986 371 1056 ad
398 985 536 1057 bellum
561 985 714 1083 profecti
744 1000 829 1055 sunt
849 1011 856 1053 ε
874 989 917 1075 Q.
929 982 1089 1057 Caecilius
1112 981 1249 1053 'consul

174 1100 372 1168 exercitum
387 1096 439 1167 'ab
463 1101 503 1166 C.
519 1101 684 1181 Nerone,
704 1102 742 1167 L.
758 1097 931 1168 Veturius
957 1092 1001 1164 ab
1021 1095 1066 1182 Q.
1084 1090 1247 1189 Claudio

174 1223 399 1304 propraetore
427 1208 584 1302 accepit,
612 1208 788 1303 novisque
815 1204 1009 1307 militibus,
1039 1226 1134 1299 quos
1164 1203 1246 1300 ipse

172 1317 449 1411 conscripserat,
466 1316 656 1412 supplevit.
676 1321 717 1384 In
736 1316 992 1385 consentinum
1011 1337 1137 1409 agrum
1154 1335 1246 1383 0οη-

170 1426 265 1496 sules
297 1426 496 1495 exercitum
525 1424 732 1511 duxerunt,
764 1426 969 1520 passimque
997 1422 1244 1520 depopulati,

171 1559 286 1631 quum
302 1559 430 1631 agmen
441 1534 515 1628 jam
530 1558 637 1630 grave
653 1535 771 1632 praeda
788 1548 901 1622 esset,
922 1535 960 1603 in
975 1533 1244 1629 saltuangusto
1300 1572 1302 1576 >

170 1670 190 1714 a
208 1646 356 1716 Bruttiis
373 1643 707 1741 jaculatoribusque
730 1644 889 1714 numidis
907 1642 1043 1713 turbati
1064 1655 1169 1728 sunt,
1193 1644 1245 1715 ita

170 1769 305 1825 utnon
330 1756 468 1853 praeda,
496 1751 582 1826 sed6
600 1756 725 1825 armati
749 1778 898 1852 quoque
918 1754 956 1822 in
974 1751 1138 1850 periculo
1159 1750 1243 1825 fue-

169 1867 253 1936 rint.
278 1867 394 1961 Major
417 1877 538 1936 tamen
565 1865 759 1953 tumultus,
782 1889 892 1962 quam
918 1888 1061 1962 pugna,
1087 1861 1181 1952 fuit3
1205 1880 1243 1936 et

168 1977 349 2072 praemissa
374 1976 516 2074 praeda,
535 1977 736 2048 incolumes
762 1991 797 2046 et
816 1977 975 2072 legiones
993 1975 1031 2044 in
1052 1973 1133 2053 loca
1158 1989 1244 2049 tuta

169 2110 312 2158 evasere
328 2115 335 2155 :
349 2088 435 2173 iude
456 2088 494 2157 in
510 2091 675 2158 Lucanos
690 2086 854 2186 profecti.
872 2091 921 2156 Ea
942 2087 1019 2156 sine
1038 2086 1243 2167 certamine
1285 2096 1289 2105 '

72 2283 74 2289 y
167 2208 243 2265 tota
257 2222 344 2293 gens
358 2197 397 2266 in
416 2194 591 2267 ditionem
610 2198 738 2294 populi
756 2199 897 2268 romani
915 2195 1034 2267 rediit.

161 2323 163 2327 ’
214 2311 291 2378 XII.
313 2310 405 2376 Cum
418 2306 620 2377 Hannibale
639 2308 730 2377 nihil
748 2333 792 2378 eo
809 2332 907 2377 anuo
923 2308 976 2377 rei
994 2319 1138 2404 gestum
1159 2322 1242 2396 est;

166 2439 250 2485 nam
275 2442 396 2513 neque
417 2417 494 2513 ipse
517 2441 555 2488 se
573 2416 728 2488 obtulit1
754 2419 792 2487 in
816 2432 891 2488 tam
917 2417 1055 2488 recenti
1081 2415 1242 2491 vulnere

165 2525 313 2622 publico
336 2528 568 2625 privatoque,
588 2552 709 2623 neque
727 2527 960 2598 lacessierunt
978 2527 1147 2623 quietum
1165 2533 1243 2598 Ro·

165 2638 263 2706 mani
281 2664 289 2707 :
310 2652 445 2708 tantam
465 2639 580 2708 inesse
599 2638 690 2725 vim,
711 2639 779 2708 etsi
799 2639 921 2708 omnia
941 2637 1009 2708 alia
1030 2637 1125 2711 circa
1149 2663 1244 2709 eum

163 2761 332 2837 ruerent,
354 2751 391 2817 in
414 2774 490 2818 uno
513 2748 576 2818 illo
595 2745 688 2818 duce
714 2746 929 2818 censebant!
949 2750 1000 2818 Ac
1019 2747 1165 2837 nescio,
1188 2773 1242 2820 au

162 2856 387 2928 mirabilior²
411 2857 583 2948 adversis,
610 2882 720 2954 quarn
749 2857 916 2928 secundis
941 2850 1068 2944 rebus,
1096 2855 1239 2948 fuerit,

162 2969 299 3066 quippe
311 2971 391 3064 qui,
403 2994 517 3065 quum
528 2984 564 3040 et
578 2970 616 3038 in
628 2968 787 3038 hostium
798 2982 894 3039 terra
904 2992 969 3065 per
983 2991 1098 3043 anuos
1112 2970 1241 3042 trede-

154 3079 251 3167 cim,
268 3093 342 3149 tam
357 3079 485 3176 procul
500 3077 544 3149 ab
560 3079 688 3166 domo,
705 3079 801 3148 varia
814 3075 961 3148 fortuna
973 3076 1111 3150 bellurn
1129 3104 1240 3176 gere-

160 3202 216 3258 ret
234 3191 394 3259 exercitu
413 3215 489 3259 non
515 3214 581 3260 suo
603 3188 714 3276 civili,
735 3188 799 3261 sed
817 3189 931 3260 mixto
950 3214 994 3259 ex
1021 3187 1238 3262 colluvione

196 3417 220 3464 5.
244 3419 338 3481 Agrum
358 3430 457 3466 vastum
477 3435 508 3466 ac
532 3419 669 3476 desertum
713 3418 770 3466 vide
783 3418 813 3466 ad
827 3420 864 3477 H,
878 3435 906 3477 a,
920 3436 945 3466 n.
958 3421 982 3468 3.
1000 3420 1031 3466 In
1046 3417 1119 3466 laude
1134 3420 1237 3470 Hanni-

158 3495 215 3542 vide
227 3495 259 3542 ad
269 3498 320 3556 111,
335 3514 359 3558 7,
371 3514 398 3545 n.
413 3513 433 3543 1.
712 3497 774 3544 balis
799 3498 968 3562 persequenda
994 3499 1077 3557 Livius
1106 3502 1238 3564 expressit

192 3575 216 3621 6.
227 3577 268 3622 Ita
278 3586 363 3623 utnon
372 3577 474 3640 praeda,
485 3577 540 3634 sed,
553 3587 600 3624 etc.
610 3577 667 3624 vide
711 3578 800 3643 Polyb.
811 3580 863 3634 xl,
880 3594 920 3640 19.
935 3605 970 3614 —
985 3581 1034 3625 Per
1048 3592 1129 3625 annos
1149 3581 1236 3628 trede-

157 3652 355 3712 ad1,40,n.1.
411 3680 416 3689 ·
711 3655 1236 3712 cim,seilatransiluinltaliamadhunc

191 3731 252 3780 Cn.
264 3736 324 3781 ΧΠ.
336 3749 357 3780 1.
370 3737 426 3797 Ipse
436 3751 462 3781 se
471 3734 569 3790 obtulit,
585 3747 667 3783 osten·
709 3728 1236 3802 annum.SedecimannosmemoiatPol'yb.

155 3809 207 3867 dit,
219 3811 316 3859 obviam
327 3814 372 3861 ivit
383 3814 508 3861 Romanis.
517 3841 551 3850 -
563 3816 666 3862 Vulnere
709 3815 724 3861 l.
738 3817 755 3864 l.
768 3833 841 3864 omne
852 3813 992 3879 significans
1005 3826 1101 3879 tempus
1115 3815 1145 3862 in
1156 3818 1234 3866 Iulia

151 3888 265 3950 publico,
289 3892 356 3939 clade
380 3895 526 3952 Poenomm,
547 3894 663 3958 privato,
708 3893 1234 3960 consumptum,etseptemdecim.XXIV,

155 3977 233 4015 morte
246 3970 404 4020 Hasdrubalis
415 3973 504 4020 fratris.
711 3989 739 4034 9,
749 3993 773 4022 n.
789 3976 814 4033 5,
825 3991 956 4022 numerans
969 3974 1041 4022 simul
1053 3989 1160 4031 annum,
1175 3992 1233 4039 quo

190 4061 213 4093 2.
232 4048 361 4097 ,senescio
398 4069 431 4098 an
446 4051 593 4110 mirabilior,
617 4065 664 4103 etc.
711 4055 831 4119 Saguntos
852 4067 991 4120 expugnata
1013 4066 1056 4103 est.
1080 4054 1155 4103 Conf-
1181 4055 1233 4107 inf.
