2768 4574
160 345 227 416 388
578 343 617 406 r.
651 343 785 409 mvn
1071 319 1203 430 ῧῐὲῑὲἷὲῑ

159 464 340 564 gererent,
355 487 476 535 veram
488 463 696 559 justamque
711 488 796 532 mox
813 465 849 531 in
868 487 905 533 se
919 486 1105 533 versuram
1123 479 1230 561 pote·

159 591 285 646 statem
305 572 535 644 horrebant².
559 578 734 669 Stupente
753 574 801 641 ita
820 571 1013 660 seditione,
1034 588 1157 668 quum
1173 576 1227 643 vi-

158 712 242 757 vere
257 687 393 782 prim0,
408 708 494 753 mox
511 685 616 753 etiam
631 683 748 752 valere
762 684 983 778 Scipionem,
1000 685 1090 752 certi
1104 699 1227 754 aucto

155 822 213 869 res
227 793 412 879 afferrent,
427 793 564 864 tribuni
578 793 733 862 militum
744 808 882 890 septem
897 792 941 862 ab
956 794 1035 890 ipso
1048 795 1226 891 Scipione

158 907 255 976 missi
272 918 367 974 sunt.
387 903 442 973 Ad
462 928 619 1000 quorum
635 905 793 999 primum
811 903 1005 974 adventum
1020 907 1226 1001 exasperati

157 1015 288 1101 animi,
311 1038 415 1100 mox,
438 1014 524 1108 ipsis
548 1013 690 1108 placido
715 1037 882 1084 sermone
910 1013 1226 1109 permulcentibus

157 1138 284 1210 notos,
308 1146 392 1192 cum
412 1121 546 1217 quibus
565 1123 883 1218 congressierant,
908 1122 1011 1193 leniti
1027 1137 1125 1192 sunt.
1147 1124 1222 1194 Cir-

158 1247 371 1305 cumeuntes
390 1232 487 1301 enim
506 1233 661 1300 tentoria
680 1233 818 1327 primo,
838 1231 969 1301 deinde
982 1233 1021 1300 in
1035 1233 1226 1328 principiis

158 1343 420 1440 praetorioque,
442 1339 507 1410 ubi
524 1365 710 1410 sermones
728 1341 823 1411 inter
841 1365 878 1410 se
897 1341 1096 1411 serentium
1109 1341 1226 1410 circu·

156 1451 211 1521 los
235 1446 441 1535 vidissent3,
465 1449 761 1546 alloquebantur,
787 1464 1064 1547 percunctantes
1091 1452 1225 1547 magis,

158 1585 239 1657 quae
255 1583 361 1630 causa
374 1562 433 1630 irae
448 1562 823 1656 consternationisque
839 1559 965 1630 subitae
980 1559 1094 1647 foret,
1110 1585 1223 1655 quarn

157 1670 293 1741 lactum
314 1684 531 1743 accusantes.
552 1671 671 1765 Vulgo
689 1671 906 1766 stipendium
928 1695 1001 1740 non
1022 1670 1155 1739 datum
1176 1671 1229 1740 ad

157 1781 254 1849 diem
272 1779 492 1872 jactabatur,
512 1795 560 1864 et,
581 1804 693 1875 quum
717 1780 842 1848 eodem
861 1795 1034 1876 tempore,
1055 1804 1131 1875 quo
1149 1805 1225 1849 sce·

159 1889 214 1959 lus
232 1889 554 1984 [Iliturgitanorum
575 1895 779 1973 exstitisset,
789 1904 879 1985 post
894 1890 1049 1958 duorum
1068 1894 1227 1984 impera·

160 2017 277 2069 torum
306 2001 533 2095 duorumque
555 2005 775 2069 exercituum
799 2015 972 2094 stragem,
997 2023 1067 2067 sua
1090 2005 1228 2069 virtute

160 2110 347 2198 distensum
361 2133 492 2178 nomen
502 2134 694 2178 romanum
706 2134 750 2178 ac
763 2124 898 2178 retenta
904 2114 1096 2205 provincia
1112 2125 1227 2178 esset:

161 2214 418 2312 Illiturgitanos
441 2244 596 2315 paenam
625 2244 736 2289 noaoe
766 2226 930 2289 meritam
961 2218 1119 2303 habere;
1153 2226 1230 2290 suis

156 2343 251 2397 recte
267 2329 383 2416 factis
407 2335 564 2423 gratiam
595 2335 660 2424 qui
684 2329 865 2416 exsolvat,
894 2354 967 2398 non
997 2354 1084 2398 esse.
1117 2330 1230 2399 Talia

156 2453 345 2532 querentes
360 2462 468 2533 oequa
484 2463 604 2523 orare,
617 2463 726 2533 seque
743 2464 786 2508 ea
805 2440 978 2510 relaturos
995 2439 1049 2508 ad
1065 2445 1229 2535 impera·

157 2561 288 2631 torem,
304 2546 584 2641 respondebant.
599 2553 735 2617 Loetari
742 2604 752 2635 ,
769 2552 872 2645 quod
882 2549 976 2620 nihil
986 2555 1141 2635 tristius,
1160 2576 1230 2621 nec

154 2656 397 2726 ,insanabilius
413 2672 526 2726 esset:
540 2672 576 2725 et
587 2662 627 2726 P.
638 2661 840 2755 Scipionem
858 2661 966 2728 deum
984 2659 1230 2754 benignitate,

157 2781 196 2834 et
219 2766 478 2863 rempublicam
503 2791 577 2836 esse
597 2774 728 2861 gratioe
756 2770 984 2857 referendae
1014 2769 1231 2864 Scipionem

76 2900 79 2904 ’
156 2873 261 2946 be'llis
279 2890 480 2962 assuetum,
498 2875 544 2944 ad
563 2875 781 2946 seditionum
795 2879 969 2974 procellas
984 2877 1135 2966 rudem,
1153 2882 1231 2951 sol-

159 2984 298 3055 licitum
311 2983 467 3055 habebat
484 3008 561 3067 res,
581 3010 628 3054 ne
650 3000 712 3055 aut
732 2988 909 3057 exercitus
931 2985 1141 3083 peccaud0‚
1164 3005 1229 3060 aut

156 3093 235 3187 ipse
253 3091 461 3189 puniend0,
483 3092 634 3161 modum
656 3095 857 3167 excederet.
883 3099 925 3165 In
950 3097 1164 3193 praesentia,
1187 3114 1229 3169 ut

153 3202 346 3296 coepisset,
368 3200 498 3271 leniter
516 3204 572 3298 agi
587 3203 740 3299 placuit,
763 3221 817 3293 et,
834 3207 949 3279 missis
967 3208 1061 3277 circa
1080 3208 1228 3305 stipen-

193 3447 217 3479 α,
239 3433 270 3476 In
292 3447 317 3478 se
336 3446 464 3478 versuram
480 3449 505 3479 se
518 3443 665 3496 potestatem
707 3434 808 3493 vid.lI,
827 3445 869 3496 47,
883 3454 908 3485 n.
923 3439 945 3484 3.
960 3463 994 3472 -
1009 3435 1165 3500 Stipendium
1174 3456 1225 3487 non

156 3509 305 3566 lonebanm·
315 3509 367 3557 vid.
378 3512 418 3568 11,
430 3510 458 3569 3,
469 3527 495 3558 n.
509 3526 537 3569 a,
553 3522 576 3558 et
587 3513 664 3568 XXI,
708 3510 805 3565 datum¹
818 3515 855 3561 ad
875 3517 939 3563 diem
945 3534 955 3572 ;
975 3515 1027 3563 vid.
1046 3518 1155 3575 XXIII,
1176 3534 1224 3575 υ,

155 3589 206 3646 63,
220 3605 246 3637 n.
263 3587 303 3635 15.
318 3615 353 3626 -
367 3590 479 3651 Stupente
498 3588 534 3636 ita
548 3589 665 3636 seditione
708 3608 733 3640 n.
746 3609 767 3640 1.
781 3621 817 3629 -
829 3596 909 3643 Scelus
923 3595 1162 3660 Iliturgitanorum,
1176 3609 1224 3645 ete.

155 3666 200 3730 (ut
210 3683 270 3713 mox
279 3666 499 3731 languescentem),
509 3668 664 3731 stupentibus
708 3671 759 3717 vid.
767 3688 821 3735 cap.
831 3688 875 3735 19,
883 3690 924 3722 ao.
931 3677 1084 3721 —Duorum
1092 3675 1224 3737 imperato-

156 3745 287 3792 seditiosis.
709 3767 763 3797 rum
776 3748 948 3818 (Scipionum)
961 3753 1114 3816 duorumque
1127 3769 1150 3801 e.
1167 3754 1223 3802 vide

194 3823 217 3870 3.
232 3825 263 3868 In
277 3821 404 3885 principiis
417 3822 600 3887 praetorioque,
624 3825 665 3872 ubi
707 3828 739 3875 ad
752 3831 789 3887 X,
802 3830 845 3890 25,
854 3847 879 3878 n.
890 3847 915 3893 9.

156 3914 275 3946 sermones
294 3900 357 3948 inter
375 3918 400 3948 se
418 3902 546 3950 serentium
563 3903 664 3951 circulos
744 3917 767 3962 4.
787 3910 967 3972 Rempublicam
990 3909 1117 3975 (senatum
1137 3927 1221 3975 popu·

156 3975 289 4036 vidissent,
305 3990 351 4026 etc.
364 3979 415 4025 vid.
425 3982 490 4038 VII,
506 3996 549 4039 12,
560 3997 584 4030 n.
597 3983 664 4030 6.-
707 3985 822 4051 Iamque)
835 4004 884 4035 esse
890 3989 980 4054 gratia
991 3989 1142 4054 reserenda;
1163 3991 1221 4038 vide

156 4052 376 4112 Consternationis,
396 4057 538 4117 seditionis,
558 4061 663 4121 furoris5
708 4064 740 4110 ad
750 4066 789 4124 11,
800 4080 867 4129 9,n.
882 4068 906 4117 5.
916 4095 951 4107 -
961 4067 1113 4117 Seditionnns
1120 4070 1221 4133 procel·
