<?xml version="1.0" encoding="UTF-8"?>
<!DOCTYPE html PUBLIC "-//W3C//DTD XHTML 1.0 Transitional//EN"
    "http://www.w3.org/TR/xhtml1/DTD/xhtml1-transitional.dtd">
<html xmlns="http://www.w3.org/1999/xhtml" xml:lang="en" lang="en">
 <head>
  <title>
</title>
<meta http-equiv="Content-Type" content="text/html;charset=utf-8" />
  <meta name='ocr-system' content='tesseract 3.04.00' />
  <meta name='ocr-capabilities' content='ocr_page ocr_carea ocr_par ocr_line ocrx_word'/>
</head>
<body>
  <div class='ocr_page' id='page_1' title='image "./titusliviuspata04freigoog_0494.png"; bbox 0 0 2768 4574; ppageno 0'>
   <div class='ocr_carea' id='block_1_1' title="bbox 185 292 1200 404">
    <p class='ocr_par' dir='ltr' id='par_1_1' title="bbox 185 292 1200 404">
     <span class='ocr_line' id='line_1_1' title="bbox 185 292 1200 404; baseline -0.005 -21"><span class='ocrx_word' id='word_1_1' title='bbox 185 292 306 402; x_wconf 57' lang='lat' dir='ltr'>llll:</span> <span class='ocrx_word' id='word_1_2' title='bbox 352 315 446 383; x_wconf 82' lang='lat' dir='ltr'>Lm.</span> <span class='ocrx_word' id='word_1_3' title='bbox 469 316 607 382; x_wconf 73' lang='lat' dir='ltr'>xxix.</span> <span class='ocrx_word' id='word_1_4' title='bbox 634 316 735 383; x_wconf 77' lang='lat' dir='ltr'>cnr.</span> <span class='ocrx_word' id='word_1_5' title='bbox 757 313 903 382; x_wconf 81' lang='lat' dir='ltr'>xxm.</span> <span class='ocrx_word' id='word_1_6' title='bbox 928 312 1063 379; x_wconf 74' lang='lat' dir='ltr'>xxiv.</span> <span class='ocrx_word' id='word_1_7' title='bbox 1136 312 1200 404; x_wconf 73' lang='lat'>49¹</span> 
     </span>
    </p>
   </div>
   <div class='ocr_carea' id='block_1_2' title="bbox 53 429 1315 3488">
    <p class='ocr_par' dir='ltr' id='par_1_2' title="bbox 53 429 1211 746">
     <span class='ocr_line' id='line_1_2' title="bbox 53 429 1208 532; baseline -0.004 -26"><span class='ocrx_word' id='word_1_8' title='bbox 53 476 59 495; x_wconf 87' lang='lat'>·</span> <span class='ocrx_word' id='word_1_9' title='bbox 160 434 286 532; x_wconf 90' lang='lat' dir='ltr'>pulum</span> <span class='ocrx_word' id='word_1_10' title='bbox 308 432 624 530; x_wconf 82' lang='lat' dir='ltr'>carthaginiensem</span> <span class='ocrx_word' id='word_1_11' title='bbox 646 456 857 530; x_wconf 85' lang='lat' dir='ltr'>regemque,</span> <span class='ocrx_word' id='word_1_12' title='bbox 877 429 958 500; x_wconf 87' lang='lat' dir='ltr'>data</span> <span class='ocrx_word' id='word_1_13' title='bbox 979 429 1075 500; x_wconf 90' lang='lat' dir='ltr'>ultro</span> <span class='ocrx_word' id='word_1_14' title='bbox 1099 430 1208 501; x_wconf 90' lang='lat' dir='ltr'>citro-</span> 
     </span>
     <span class='ocr_line' id='line_1_3' title="bbox 161 539 1210 639; baseline -0.005 -21"><span class='ocrx_word' id='word_1_15' title='bbox 161 568 233 639; x_wconf 88' lang='lat' dir='ltr'>que</span> <span class='ocrx_word' id='word_1_16' title='bbox 244 541 327 631; x_wconf 89' lang='lat' dir='ltr'>fide,</span> <span class='ocrx_word' id='word_1_17' title='bbox 342 543 486 614; x_wconf 89' lang='lat' dir='ltr'>eosdem</span> <span class='ocrx_word' id='word_1_18' title='bbox 501 543 632 614; x_wconf 88' lang='lat' dir='ltr'>amicos</span> <span class='ocrx_word' id='word_1_19' title='bbox 651 543 886 637; x_wconf 89' lang='lat' dir='ltr'>inimicosque</span> <span class='ocrx_word' id='word_1_20' title='bbox 904 539 1107 630; x_wconf 85' lang='lat' dir='ltr'>habituros,</span> <span class='ocrx_word' id='word_1_21' title='bbox 1118 542 1210 637; x_wconf 88' lang='lat' dir='ltr'>jure·</span> 
     </span>
     <span class='ocr_line' id='line_1_4' title="bbox 160 649 1211 746; baseline 0.002 -24"><span class='ocrx_word' id='word_1_22' title='bbox 160 651 314 746; x_wconf 84' lang='lat' dir='ltr'>jurando</span> <span class='ocrx_word' id='word_1_23' title='bbox 334 650 541 722; x_wconf 86' lang='lat' dir='ltr'>affirmatur.</span> <span class='ocrx_word' id='word_1_24' title='bbox 572 656 748 723; x_wconf 87' lang='lat' dir='ltr'>Caeterum</span> <span class='ocrx_word' id='word_1_25' title='bbox 776 649 993 733; x_wconf 85' lang='lat' dir='ltr'>Hasdrubal,</span> <span class='ocrx_word' id='word_1_26' title='bbox 1013 675 1151 722; x_wconf 90' lang='lat' dir='ltr'>memor</span> <span class='ocrx_word' id='word_1_27' title='bbox 1174 667 1211 724; x_wconf 93' lang='lat' dir='ltr'>et</span> 
     </span>
    </p>

    <p class='ocr_par' dir='ltr' id='par_1_3' title="bbox 137 761 1315 1520">
     <span class='ocr_line' id='line_1_5' title="bbox 137 761 1210 859; baseline -0.003 -26"><span class='ocrx_word' id='word_1_28' title='bbox 137 810 141 817; x_wconf 91' lang='lat'>·</span> <span class='ocrx_word' id='word_1_29' title='bbox 162 786 243 833; x_wconf 89' lang='lat' dir='ltr'>cum</span> <span class='ocrx_word' id='word_1_30' title='bbox 268 763 432 859; x_wconf 87' lang='lat' dir='ltr'>Scipione</span> <span class='ocrx_word' id='word_1_31' title='bbox 452 763 546 834; x_wconf 88' lang='lat' dir='ltr'>initae</span> <span class='ocrx_word' id='word_1_32' title='bbox 564 763 640 859; x_wconf 89' lang='lat' dir='ltr'>regi</span> <span class='ocrx_word' id='word_1_33' title='bbox 663 761 858 850; x_wconf 91' lang='lat' dir='ltr'>societatis,</span> <span class='ocrx_word' id='word_1_34' title='bbox 884 775 919 831; x_wconf 88' lang='lat' dir='ltr'>et</span> <span class='ocrx_word' id='word_1_35' title='bbox 939 784 1046 856; x_wconf 87' lang='lat' dir='ltr'>quam</span> <span class='ocrx_word' id='word_1_36' title='bbox 1066 785 1157 830; x_wconf 86' lang='lat' dir='ltr'>vana</span> <span class='ocrx_word' id='word_1_37' title='bbox 1174 775 1210 832; x_wconf 91' lang='lat' dir='ltr'>et</span> 
     </span>
     <span class='ocr_line' id='line_1_6' title="bbox 162 870 1213 968; baseline -0.002 -27"><span class='ocrx_word' id='word_1_38' title='bbox 162 870 345 942; x_wconf 86' lang='lat' dir='ltr'>mutabilia</span> <span class='ocrx_word' id='word_1_39' title='bbox 364 870 600 943; x_wconf 89' lang='lat' dir='ltr'>Barbarorum</span> <span class='ocrx_word' id='word_1_40' title='bbox 618 873 761 968; x_wconf 88' lang='lat' dir='ltr'>ingenia</span> <span class='ocrx_word' id='word_1_41' title='bbox 780 876 918 959; x_wconf 84' lang='lat' dir='ltr'>essent,</span> <span class='ocrx_word' id='word_1_42' title='bbox 931 870 1081 955; x_wconf 83' lang='lat' dir='ltr'>veritus,</span> <span class='ocrx_word' id='word_1_43' title='bbox 1100 894 1164 958; x_wconf 91' lang='lat' dir='ltr'>ne,</span> <span class='ocrx_word' id='word_1_44' title='bbox 1183 870 1213 940; x_wconf 88' lang='lat' dir='ltr'>si</span> 
     </span>
     <span class='ocr_line' id='line_1_7' title="bbox 162 978 1212 1081; baseline -0.003 -30"><span class='ocrx_word' id='word_1_45' title='bbox 162 982 340 1075; x_wconf 83' lang='lat' dir='ltr'>trajiceret</span> <span class='ocrx_word' id='word_1_46' title='bbox 370 983 407 1052; x_wconf 94' lang='lat' dir='ltr'>in</span> <span class='ocrx_word' id='word_1_47' title='bbox 434 980 587 1053; x_wconf 83' lang='lat' dir='ltr'>Africam</span> <span class='ocrx_word' id='word_1_48' title='bbox 611 984 749 1081; x_wconf 87' lang='lat' dir='ltr'>Scipio,</span> <span class='ocrx_word' id='word_1_49' title='bbox 773 1005 924 1081; x_wconf 88' lang='lat' dir='ltr'>parvum</span> <span class='ocrx_word' id='word_1_50' title='bbox 953 978 1138 1049; x_wconf 83' lang='lat' dir='ltr'>vinculum</span> <span class='ocrx_word' id='word_1_51' title='bbox 1163 1005 1212 1050; x_wconf 85' lang='lat' dir='ltr'>eae</span> 
     </span>
     <span class='ocr_line' id='line_1_8' title="bbox 164 1090 1315 1186; baseline 0.003 -28"><span class='ocrx_word' id='word_1_52' title='bbox 164 1090 296 1186; x_wconf 88' lang='lat' dir='ltr'>nuptiae</span> <span class='ocrx_word' id='word_1_53' title='bbox 314 1105 450 1180; x_wconf 86' lang='lat' dir='ltr'>essent,</span> <span class='ocrx_word' id='word_1_54' title='bbox 473 1091 559 1162; x_wconf 89' lang='lat' dir='ltr'>dum</span> <span class='ocrx_word' id='word_1_55' title='bbox 579 1117 768 1163; x_wconf 86' lang='lat' dir='ltr'>accensum</span> <span class='ocrx_word' id='word_1_56' title='bbox 790 1092 926 1163; x_wconf 89' lang='lat' dir='ltr'>recenti</span> <span class='ocrx_word' id='word_1_57' title='bbox 946 1113 1066 1161; x_wconf 84' lang='lat' dir='ltr'>amore</span> <span class='ocrx_word' id='word_1_58' title='bbox 1086 1090 1213 1160; x_wconf 88' lang='lat' dir='ltr'>Numi·</span> <span class='ocrx_word' id='word_1_59' title='bbox 1312 1154 1315 1161; x_wconf 94' lang='lat'>.</span> 
     </span>
     <span class='ocr_line' id='line_1_9' title="bbox 163 1195 1213 1298; baseline -0.002 -31"><span class='ocrx_word' id='word_1_60' title='bbox 163 1198 242 1268; x_wconf 89' lang='lat' dir='ltr'>dam</span> <span class='ocrx_word' id='word_1_61' title='bbox 261 1198 388 1286; x_wconf 89' lang='lat' dir='ltr'>habet,</span> <span class='ocrx_word' id='word_1_62' title='bbox 408 1201 590 1298; x_wconf 81' lang='lat' dir='ltr'>perpellit,</span> <span class='ocrx_word' id='word_1_63' title='bbox 607 1202 789 1273; x_wconf 89' lang='lat' dir='ltr'>blanditiis·</span> <span class='ocrx_word' id='word_1_64' title='bbox 810 1225 957 1298; x_wconf 89' lang='lat' dir='ltr'>quoque</span> <span class='ocrx_word' id='word_1_65' title='bbox 974 1197 1101 1296; x_wconf 83' lang='lat' dir='ltr'>puellae</span> <span class='ocrx_word' id='word_1_66' title='bbox 1115 1195 1213 1267; x_wconf 90' lang='lat' dir='ltr'>adhi-</span> 
     </span>
     <span class='ocr_line' id='line_1_10' title="bbox 163 1307 1216 1408; baseline -0.005 -26"><span class='ocrx_word' id='word_1_67' title='bbox 163 1307 263 1396; x_wconf 90' lang='lat' dir='ltr'>bitis,</span> <span class='ocrx_word' id='word_1_68' title='bbox 280 1323 322 1380; x_wconf 94' lang='lat' dir='ltr'>ut</span> <span class='ocrx_word' id='word_1_69' title='bbox 342 1311 476 1407; x_wconf 86' lang='lat' dir='ltr'>legatos</span> <span class='ocrx_word' id='word_1_70' title='bbox 490 1313 526 1382; x_wconf 83' lang='lat' dir='ltr'>in&#39;</span> <span class='ocrx_word' id='word_1_71' title='bbox 541 1312 693 1383; x_wconf 86' lang='lat' dir='ltr'>Siciliam</span> <span class='ocrx_word' id='word_1_72' title='bbox 711 1312 756 1382; x_wconf 89' lang='lat' dir='ltr'>ad</span> <span class='ocrx_word' id='word_1_73' title='bbox 778 1313 981 1408; x_wconf 90' lang='lat' dir='ltr'>Scipionem</span> <span class='ocrx_word' id='word_1_74' title='bbox 999 1310 1132 1392; x_wconf 86' lang='lat' dir='ltr'>mittat,</span> <span class='ocrx_word' id='word_1_75' title='bbox 1150 1331 1216 1404; x_wconf 91' lang='lat' dir='ltr'>per</span> 
     </span>
     <span class='ocr_line' id='line_1_11' title="bbox 164 1420 1215 1520; baseline -0.002 -32"><span class='ocrx_word' id='word_1_76' title='bbox 164 1442 257 1513; x_wconf 92' lang='lat' dir='ltr'>quos</span> <span class='ocrx_word' id='word_1_77' title='bbox 272 1436 417 1492; x_wconf 85' lang='lat' dir='ltr'>moneat</span> <span class='ocrx_word' id='word_1_78' title='bbox 433 1446 533 1511; x_wconf 91' lang='lat' dir='ltr'>eum,</span> <span class='ocrx_word' id='word_1_79' title='bbox 555 1448 601 1493; x_wconf 88' lang='lat' dir='ltr'>ae</span> <span class='ocrx_word' id='word_1_80' title='bbox 613 1423 798 1520; x_wconf 83' lang='lat' dir='ltr'>prioribus</span> <span class='ocrx_word' id='word_1_81' title='bbox 814 1427 887 1492; x_wconf 89' lang='lat' dir='ltr'>suis</span> <span class='ocrx_word' id='word_1_82' title='bbox 898 1425 1086 1518; x_wconf 88' lang='lat' dir='ltr'>promissis</span> <span class='ocrx_word' id='word_1_83' title='bbox 1093 1420 1215 1509; x_wconf 87' lang='lat' dir='ltr'>fretus</span> 
     </span>
    </p>

    <p class='ocr_par' dir='ltr' id='par_1_4' title="bbox 102 1529 1213 1630">
     <span class='ocr_line' id='line_1_12' title="bbox 102 1529 1213 1630; baseline 0.002 -35"><span class='ocrx_word' id='word_1_84' title='bbox 102 1571 105 1577; x_wconf 90' lang='lat'>-</span> <span class='ocrx_word' id='word_1_85' title='bbox 165 1532 202 1596; x_wconf 87' lang='lat' dir='ltr'>in</span> <span class='ocrx_word' id='word_1_86' title='bbox 208 1529 373 1618; x_wconf 79' lang='lat' dir='ltr'>Asticam</span> <span class='ocrx_word' id='word_1_87' title='bbox 387 1533 548 1624; x_wconf 79' lang='lat' dir='ltr'>trajiciat.</span> <span class='ocrx_word' id='word_1_88' title='bbox 562 1535 606 1602; x_wconf 89' lang='lat' dir='ltr'>Se</span> <span class='ocrx_word' id='word_1_89' title='bbox 619 1545 655 1601; x_wconf 88' lang='lat' dir='ltr'>et</span> <span class='ocrx_word' id='word_1_90' title='bbox 666 1539 798 1630; x_wconf 86' lang='lat' dir='ltr'>nuptiis</span> <span class='ocrx_word' id='word_1_91' title='bbox 812 1536 894 1602; x_wconf 82' lang='lat' dir='ltr'>ciris</span> <span class='ocrx_word' id='word_1_92' title='bbox 911 1531 1213 1624; x_wconf 79' lang='lat' dir='ltr'>carthaginiensis,</span> 
     </span>
    </p>

    <p class='ocr_par' dir='ltr' id='par_1_5' title="bbox 153 1636 1219 1737">
     <span class='ocr_line' id='line_1_13' title="bbox 153 1636 1219 1737; baseline -0.002 -31"><span class='ocrx_word' id='word_1_93' title='bbox 153 1636 252 1730; x_wconf 81' lang='lat' dir='ltr'>filiae</span> <span class='ocrx_word' id='word_1_94' title='bbox 265 1638 519 1727; x_wconf 83' lang='lat' dir='ltr'>Hasdrubalis,</span> <span class='ocrx_word' id='word_1_95' title='bbox 534 1665 641 1737; x_wconf 88' lang='lat' dir='ltr'>quem</span> <span class='ocrx_word' id='word_1_96' title='bbox 653 1641 787 1711; x_wconf 82' lang='lat' dir='ltr'>viderit</span> <span class='ocrx_word' id='word_1_97' title='bbox 795 1640 899 1737; x_wconf 88' lang='lat' dir='ltr'>apud</span> <span class='ocrx_word' id='word_1_98' title='bbox 903 1664 942 1710; x_wconf 88' lang='lat' dir='ltr'>se</span> <span class='ocrx_word' id='word_1_99' title='bbox 952 1644 989 1711; x_wconf 91' lang='lat' dir='ltr'>in</span> <span class='ocrx_word' id='word_1_100' title='bbox 1004 1637 1167 1734; x_wconf 78' lang='lat' dir='ltr'>hospitia,</span> <span class='ocrx_word' id='word_1_101' title='bbox 1182 1651 1219 1705; x_wconf 91' lang='lat' dir='ltr'>et</span> 
     </span>
    </p>

    <p class='ocr_par' dir='ltr' id='par_1_6' title="bbox 114 1745 1219 2499">
     <span class='ocr_line' id='line_1_14' title="bbox 114 1745 1216 1847; baseline 0.002 -37"><span class='ocrx_word' id='word_1_102' title='bbox 114 1806 116 1810; x_wconf 81' lang='grc'>,</span> <span class='ocrx_word' id='word_1_103' title='bbox 157 1745 307 1842; x_wconf 90' lang='lat' dir='ltr'>publico</span> <span class='ocrx_word' id='word_1_104' title='bbox 323 1753 429 1817; x_wconf 90' lang='lat' dir='ltr'>etiam</span> <span class='ocrx_word' id='word_1_105' title='bbox 433 1750 577 1838; x_wconf 73' lang='lat' dir='ltr'>foedere</span> <span class='ocrx_word' id='word_1_106' title='bbox 592 1775 673 1820; x_wconf 89' lang='lat' dir='ltr'>cum</span> <span class='ocrx_word' id='word_1_107' title='bbox 677 1747 819 1847; x_wconf 89' lang='lat' dir='ltr'>populo</span> <span class='ocrx_word' id='word_1_108' title='bbox 838 1747 1117 1842; x_wconf 78' lang='lat' dir='ltr'>carthaginiensi</span> <span class='ocrx_word' id='word_1_109' title='bbox 1123 1747 1216 1838; x_wconf 87' lang='lat' dir='ltr'>jun-</span> 
     </span>
     <span class='ocr_line' id='line_1_15' title="bbox 166 1857 1219 1957; baseline -0.003 -33"><span class='ocrx_word' id='word_1_110' title='bbox 166 1872 271 1925; x_wconf 90' lang='lat' dir='ltr'>ctum.</span> <span class='ocrx_word' id='word_1_111' title='bbox 307 1859 442 1953; x_wconf 85' lang='lat' dir='ltr'>Optare</span> <span class='ocrx_word' id='word_1_112' title='bbox 451 1864 616 1954; x_wconf 82' lang='lat' dir='ltr'>primam</span> <span class='ocrx_word' id='word_1_113' title='bbox 629 1870 654 1946; x_wconf 88' lang='lat'>⁷,</span> <span class='ocrx_word' id='word_1_114' title='bbox 674 1874 716 1928; x_wconf 90' lang='lat' dir='ltr'>ut</span> <span class='ocrx_word' id='word_1_115' title='bbox 731 1858 863 1957; x_wconf 87' lang='lat' dir='ltr'>procul</span> <span class='ocrx_word' id='word_1_116' title='bbox 884 1857 932 1926; x_wconf 92' lang='lat' dir='ltr'>ab</span> <span class='ocrx_word' id='word_1_117' title='bbox 959 1859 1101 1946; x_wconf 73' lang='lat' dir='ltr'>Africa,</span> <span class='ocrx_word' id='word_1_118' title='bbox 1127 1859 1219 1922; x_wconf 90' lang='lat' dir='ltr'>sicut</span> 
     </span>
     <span class='ocr_line' id='line_1_16' title="bbox 167 1964 1217 2058; baseline -0.002 -26"><span class='ocrx_word' id='word_1_119' title='bbox 167 1964 288 2033; x_wconf 78' lang='lat' dir='ltr'>adbuc</span> <span class='ocrx_word' id='word_1_120' title='bbox 302 1965 477 2053; x_wconf 87' lang='lat' dir='ltr'>fecerint,</span> <span class='ocrx_word' id='word_1_121' title='bbox 501 1965 632 2037; x_wconf 89' lang='lat' dir='ltr'>bellum</span> <span class='ocrx_word' id='word_1_122' title='bbox 655 1972 813 2038; x_wconf 80' lang='lat' dir='ltr'>Romani</span> <span class='ocrx_word' id='word_1_123' title='bbox 836 1992 917 2037; x_wconf 89' lang='lat' dir='ltr'>cum</span> <span class='ocrx_word' id='word_1_124' title='bbox 947 1964 1217 2058; x_wconf 82' lang='lat' dir='ltr'>Carthaginien-</span> 
     </span>
     <span class='ocr_line' id='line_1_17' title="bbox 166 2071 1219 2168; baseline -0.001 -26"><span class='ocrx_word' id='word_1_125' title='bbox 166 2071 264 2147; x_wconf 84' lang='lat' dir='ltr'>sibus</span> <span class='ocrx_word' id='word_1_126' title='bbox 286 2090 428 2168; x_wconf 86' lang='lat' dir='ltr'>gerant,</span> <span class='ocrx_word' id='word_1_127' title='bbox 448 2099 494 2144; x_wconf 90' lang='lat' dir='ltr'>ae</span> <span class='ocrx_word' id='word_1_128' title='bbox 514 2075 586 2146; x_wconf 87' lang='lat' dir='ltr'>sibi</span> <span class='ocrx_word' id='word_1_129' title='bbox 609 2083 773 2147; x_wconf 75' lang='lat' dir='ltr'>interesse</span> <span class='ocrx_word' id='word_1_130' title='bbox 799 2074 1049 2147; x_wconf 81' lang='lat' dir='ltr'>certaminibus</span> <span class='ocrx_word' id='word_1_131' title='bbox 1075 2097 1219 2157; x_wconf 83' lang='lat' dir='ltr'>eorum,</span> 
     </span>
     <span class='ocr_line' id='line_1_18' title="bbox 168 2179 1217 2278; baseline 0.001 -28"><span class='ocrx_word' id='word_1_132' title='bbox 168 2179 343 2278; x_wconf 80' lang='lat' dir='ltr'>armaque</span> <span class='ocrx_word' id='word_1_133' title='bbox 356 2199 422 2252; x_wconf 90' lang='lat' dir='ltr'>aut</span> <span class='ocrx_word' id='word_1_134' title='bbox 433 2183 513 2255; x_wconf 82' lang='lat' dir='ltr'>lzaee</span> <span class='ocrx_word' id='word_1_135' title='bbox 520 2238 530 2271; x_wconf 96' lang='lat'>,</span> <span class='ocrx_word' id='word_1_136' title='bbox 545 2201 612 2256; x_wconf 88' lang='lat' dir='ltr'>aut</span> <span class='ocrx_word' id='word_1_137' title='bbox 623 2184 700 2270; x_wconf 89' lang='lat' dir='ltr'>illa,</span> <span class='ocrx_word' id='word_1_138' title='bbox 715 2186 931 2256; x_wconf 86' lang='lat' dir='ltr'>abnuentem</span> <span class='ocrx_word' id='word_1_139' title='bbox 944 2182 1095 2254; x_wconf 86' lang='lat' dir='ltr'>alteram</span> <span class='ocrx_word' id='word_1_140' title='bbox 1107 2187 1217 2252; x_wconf 52' lang='lat' dir='ltr'>socie*</span> 
     </span>
     <span class='ocr_line' id='line_1_19' title="bbox 168 2281 1216 2390; baseline 0 -30"><span class='ocrx_word' id='word_1_141' title='bbox 168 2299 555 2390; x_wconf 75' lang='lat' dir='ltr'>tatem‚‚sequinecesse</span> <span class='ocrx_word' id='word_1_142' title='bbox 566 2303 623 2366; x_wconf 89' lang='lat' dir='ltr'>sit.</span> <span class='ocrx_word' id='word_1_143' title='bbox 632 2299 753 2367; x_wconf 89' lang='lat' dir='ltr'>Sinon</span> <span class='ocrx_word' id='word_1_144' title='bbox 765 2281 1216 2389; x_wconf 84' lang='lat' dir='ltr'>abstineatAfricaScipio,</span> 
     </span>
     <span class='ocr_line' id='line_1_20' title="bbox 167 2403 1217 2499; baseline 0.002 -29"><span class='ocrx_word' id='word_1_145' title='bbox 167 2417 204 2470; x_wconf 89' lang='lat' dir='ltr'>et</span> <span class='ocrx_word' id='word_1_146' title='bbox 222 2403 437 2499; x_wconf 72' lang='lat' dir='ltr'>vCarthagini</span> <span class='ocrx_word' id='word_1_147' title='bbox 459 2411 652 2476; x_wconf 78' lang='lat' dir='ltr'>exercitum</span> <span class='ocrx_word' id='word_1_148' title='bbox 671 2408 876 2494; x_wconf 81' lang='lat' dir='ltr'>admoveat,</span> <span class='ocrx_word' id='word_1_149' title='bbox 894 2406 966 2477; x_wconf 88' lang='lat' dir='ltr'>sibi</span> <span class='ocrx_word' id='word_1_150' title='bbox 980 2410 1217 2474; x_wconf 79' lang='lat' dir='ltr'>necessarium</span> 
     </span>
    </p>

    <p class='ocr_par' dir='ltr' id='par_1_7' title="bbox 156 2513 1221 2820">
     <span class='ocr_line' id='line_1_21' title="bbox 156 2513 1221 2614; baseline 0.001 -34"><span class='ocrx_word' id='word_1_151' title='bbox 156 2513 258 2600; x_wconf 87' lang='lat' dir='ltr'>fore,</span> <span class='ocrx_word' id='word_1_152' title='bbox 273 2528 310 2582; x_wconf 89' lang='lat' dir='ltr'>et</span> <span class='ocrx_word' id='word_1_153' title='bbox 317 2538 391 2610; x_wconf 92' lang='lat' dir='ltr'>pro</span> <span class='ocrx_word' id='word_1_154' title='bbox 405 2531 498 2584; x_wconf 90' lang='lat' dir='ltr'>terra</span> <span class='ocrx_word' id='word_1_155' title='bbox 513 2518 646 2607; x_wconf 87' lang='lat' dir='ltr'>africa,</span> <span class='ocrx_word' id='word_1_156' title='bbox 666 2522 793 2614; x_wconf 83' lang='lat' dir='ltr'>inqua</span> <span class='ocrx_word' id='word_1_157' title='bbox 808 2533 845 2588; x_wconf 89' lang='lat' dir='ltr'>et</span> <span class='ocrx_word' id='word_1_158' title='bbox 859 2523 933 2613; x_wconf 87' lang='lat' dir='ltr'>ipse</span> <span class='ocrx_word' id='word_1_159' title='bbox 949 2521 997 2585; x_wconf 90' lang='lat' dir='ltr'>sit</span> <span class='ocrx_word' id='word_1_160' title='bbox 1010 2520 1166 2610; x_wconf 81' lang='lat' dir='ltr'>genitas,</span> <span class='ocrx_word' id='word_1_161' title='bbox 1185 2529 1221 2582; x_wconf 90' lang='lat' dir='ltr'>et</span> 
     </span>
     <span class='ocr_line' id='line_1_22' title="bbox 160 2621 1221 2724; baseline 0.003 -37"><span class='ocrx_word' id='word_1_162' title='bbox 160 2644 233 2715; x_wconf 87' lang='lat' dir='ltr'>pro</span> <span class='ocrx_word' id='word_1_163' title='bbox 238 2629 364 2715; x_wconf 87' lang='lat' dir='ltr'>patria</span> <span class='ocrx_word' id='word_1_164' title='bbox 376 2626 535 2719; x_wconf 81' lang='lat' dir='ltr'>conjugis</span> <span class='ocrx_word' id='word_1_165' title='bbox 548 2652 635 2713; x_wconf 85' lang='lat' dir='ltr'>suoe,</span> <span class='ocrx_word' id='word_1_166' title='bbox 641 2652 786 2724; x_wconf 90' lang='lat' dir='ltr'>proque</span> <span class='ocrx_word' id='word_1_167' title='bbox 790 2621 964 2723; x_wconf 80' lang='lat' dir='ltr'>parente⁸</span> <span class='ocrx_word' id='word_1_168' title='bbox 975 2650 1019 2694; x_wconf 92' lang='lat' dir='ltr'>ac</span> <span class='ocrx_word' id='word_1_169' title='bbox 1027 2622 1221 2719; x_wconf 85' lang='lat' dir='ltr'>penatibus</span> 
     </span>
     <span class='ocr_line' id='line_1_23' title="bbox 169 2724 352 2820; baseline 0.022 -24"><span class='ocrx_word' id='word_1_170' title='bbox 169 2724 352 2820; x_wconf 83' lang='lat' dir='ltr'>dimicare.</span> 
     </span>
    </p>

    <p class='ocr_par' dir='ltr' id='par_1_8' title="bbox 154 2837 1287 3488">
     <span class='ocr_line' id='line_1_24' title="bbox 219 2837 1287 2939; baseline -0.001 -32"><span class='ocrx_word' id='word_1_171' title='bbox 219 2842 346 2939; x_wconf 61' lang='lat' dir='ltr'>xxlv,</span> <span class='ocrx_word' id='word_1_172' title='bbox 371 2843 459 2912; x_wconf 91' lang='lat' dir='ltr'>Cum</span> <span class='ocrx_word' id='word_1_173' title='bbox 477 2838 533 2911; x_wconf 92' lang='lat' dir='ltr'>his</span> <span class='ocrx_word' id='word_1_174' title='bbox 546 2841 722 2911; x_wconf 89' lang='lat' dir='ltr'>mandatis</span> <span class='ocrx_word' id='word_1_175' title='bbox 740 2841 785 2912; x_wconf 90' lang='lat' dir='ltr'>ab</span> <span class='ocrx_word' id='word_1_176' title='bbox 802 2865 885 2936; x_wconf 90' lang='lat' dir='ltr'>rege</span> <span class='ocrx_word' id='word_1_177' title='bbox 904 2839 1010 2934; x_wconf 90' lang='lat' dir='ltr'>legati</span> <span class='ocrx_word' id='word_1_178' title='bbox 1026 2837 1071 2907; x_wconf 91' lang='lat' dir='ltr'>ad</span> <span class='ocrx_word' id='word_1_179' title='bbox 1085 2837 1222 2934; x_wconf 90' lang='lat' dir='ltr'>Scipio·</span> <span class='ocrx_word' id='word_1_180' title='bbox 1281 2857 1287 2865; x_wconf 89' lang='grc'><em>·</em></span> 
     </span>
     <span class='ocr_line' id='line_1_25' title="bbox 170 2949 1221 3046; baseline -0.002 -29"><span class='ocrx_word' id='word_1_181' title='bbox 170 2972 253 3018; x_wconf 89' lang='lat' dir='ltr'>nem</span> <span class='ocrx_word' id='word_1_182' title='bbox 271 2949 368 3019; x_wconf 87' lang='lat' dir='ltr'>missi</span> <span class='ocrx_word' id='word_1_183' title='bbox 385 2952 565 3046; x_wconf 89' lang='lat' dir='ltr'>Syracusis</span> <span class='ocrx_word' id='word_1_184' title='bbox 580 2976 662 3021; x_wconf 85' lang='lat' dir='ltr'>eum</span> <span class='ocrx_word' id='word_1_185' title='bbox 678 2963 936 3022; x_wconf 83' lang='lat' dir='ltr'>convenerunt.</span> <span class='ocrx_word' id='word_1_186' title='bbox 956 2949 1090 3044; x_wconf 90' lang='lat' dir='ltr'>Scipio,</span> <span class='ocrx_word' id='word_1_187' title='bbox 1106 2971 1221 3042; x_wconf 91' lang='lat' dir='ltr'>quan-</span> 
     </span>
     <span class='ocr_line' id='line_1_26' title="bbox 154 3055 1221 3155; baseline -0.002 -29"><span class='ocrx_word' id='word_1_188' title='bbox 154 3055 280 3153; x_wconf 68' lang='lat' dir='ltr'>&#39;quam</span> <span class='ocrx_word' id='word_1_189' title='bbox 298 3081 429 3155; x_wconf 91' lang='lat' dir='ltr'>magno</span> <span class='ocrx_word' id='word_1_190' title='bbox 447 3073 632 3130; x_wconf 89' lang='lat' dir='ltr'>momento</span> <span class='ocrx_word' id='word_1_191' title='bbox 652 3069 793 3130; x_wconf 84' lang='lat' dir='ltr'>rerum¹</span> <span class='ocrx_word' id='word_1_192' title='bbox 808 3060 846 3128; x_wconf 90' lang='lat' dir='ltr'>in</span> <span class='ocrx_word' id='word_1_193' title='bbox 857 3057 972 3131; x_wconf 88' lang='lat' dir='ltr'>Africa</span> <span class='ocrx_word' id='word_1_194' title='bbox 987 3056 1221 3153; x_wconf 89' lang='lat' dir='ltr'>gerendarum</span> 
     </span>
     <span class='ocr_line' id='line_1_27' title="bbox 170 3167 1223 3265; baseline -0.002 -30"><span class='ocrx_word' id='word_1_195' title='bbox 170 3190 371 3263; x_wconf 88' lang='lat' dir='ltr'>magnaque</span> <span class='ocrx_word' id='word_1_196' title='bbox 391 3191 454 3264; x_wconf 89' lang='lat' dir='ltr'>spe</span> <span class='ocrx_word' id='word_1_197' title='bbox 469 3167 660 3239; x_wconf 87' lang='lat' dir='ltr'>destitutus</span> <span class='ocrx_word' id='word_1_198' title='bbox 679 3183 775 3254; x_wconf 88' lang='lat' dir='ltr'>erat,</span> <span class='ocrx_word' id='word_1_199' title='bbox 792 3169 913 3265; x_wconf 87' lang='lat' dir='ltr'>legatis</span> <span class='ocrx_word' id='word_1_200' title='bbox 933 3190 1105 3265; x_wconf 91' lang='lat' dir='ltr'>propere,</span> <span class='ocrx_word' id='word_1_201' title='bbox 1123 3167 1223 3262; x_wconf 89' lang='lat' dir='ltr'>prius</span> 
     </span>
     <span class='ocr_line' id='line_1_28' title="bbox 171 3274 1224 3374; baseline -0.004 -27"><span class='ocrx_word' id='word_1_202' title='bbox 171 3301 280 3373; x_wconf 89' lang='lat' dir='ltr'>quam</span> <span class='ocrx_word' id='word_1_203' title='bbox 297 3278 596 3374; x_wconf 77' lang='lat' dir='ltr'>res&#39;vulgaretur,</span> <span class='ocrx_word' id='word_1_204' title='bbox 613 3279 768 3350; x_wconf 88' lang='lat' dir='ltr'>remissis</span> <span class='ocrx_word' id='word_1_205' title='bbox 786 3281 823 3348; x_wconf 92' lang='lat' dir='ltr'>in</span> <span class='ocrx_word' id='word_1_206' title='bbox 840 3276 1012 3363; x_wconf 86' lang='lat' dir='ltr'>Africam,</span> <span class='ocrx_word' id='word_1_207' title='bbox 1028 3276 1147 3346; x_wconf 87' lang='lat' dir='ltr'>literas</span> <span class='ocrx_word' id='word_1_208' title='bbox 1163 3274 1224 3344; x_wconf 85' lang='lat' dir='ltr'>dat</span> 
     </span>
     <span class='ocr_line' id='line_1_29' title="bbox 172 3385 1226 3488; baseline -0.004 -31"><span class='ocrx_word' id='word_1_209' title='bbox 172 3386 216 3457; x_wconf 86' lang='lat' dir='ltr'>ad</span> <span class='ocrx_word' id='word_1_210' title='bbox 234 3412 352 3484; x_wconf 89' lang='lat' dir='ltr'>regem</span> <span class='ocrx_word' id='word_1_211' title='bbox 363 3385 521 3485; x_wconf 84' lang='lat' dir='ltr'>,quibus</span> <span class='ocrx_word' id='word_1_212' title='bbox 540 3389 647 3459; x_wconf 89' lang='lat' dir='ltr'>etiam</span> <span class='ocrx_word' id='word_1_213' title='bbox 664 3404 772 3488; x_wconf 89' lang='lat' dir='ltr'>atque</span> <span class='ocrx_word' id='word_1_214' title='bbox 790 3389 896 3460; x_wconf 83' lang='lat' dir='ltr'>etiam</span> <span class='ocrx_word' id='word_1_215' title='bbox 913 3398 1038 3459; x_wconf 85' lang='lat' dir='ltr'>monet</span> <span class='ocrx_word' id='word_1_216' title='bbox 1055 3407 1158 3469; x_wconf 91' lang='lat' dir='ltr'>eum,</span> <span class='ocrx_word' id='word_1_217' title='bbox 1177 3407 1226 3453; x_wconf 89' lang='lat' dir='ltr'>ne</span> 
     </span>
    </p>
   </div>
   <div class='ocr_carea' id='block_1_3' title="bbox 171 3631 1226 3857">
    <p class='ocr_par' dir='ltr' id='par_1_9' title="bbox 171 3631 1226 3857">
     <span class='ocr_line' id='line_1_30' title="bbox 171 3631 1223 3701; baseline -0.004 -18"><span class='ocrx_word' id='word_1_218' title='bbox 171 3636 241 3693; x_wconf 82' lang='lat' dir='ltr'>tium,</span> <span class='ocrx_word' id='word_1_219' title='bbox 253 3634 308 3683; x_wconf 76' lang='lat' dir='ltr'>laetn</span> <span class='ocrx_word' id='word_1_220' title='bbox 321 3637 436 3701; x_wconf 81' lang='lat' dir='ltr'>apspieia.</span> <span class='ocrx_word' id='word_1_221' title='bbox 447 3665 482 3675; x_wconf 92' lang='lat'><em>-</em></span> <span class='ocrx_word' id='word_1_222' title='bbox 495 3637 600 3685; x_wconf 81' lang='lat' dir='ltr'>Eosdem</span> <span class='ocrx_word' id='word_1_223' title='bbox 614 3636 678 3700; x_wconf 58' lang='lat' dir='ltr'>ami,</span> <span class='ocrx_word' id='word_1_224' title='bbox 719 3637 799 3684; x_wconf 76' lang='lat' dir='ltr'>iuvere</span> <span class='ocrx_word' id='word_1_225' title='bbox 812 3635 869 3684; x_wconf 89' lang='lat' dir='ltr'>huic</span> <span class='ocrx_word' id='word_1_226' title='bbox 887 3633 1001 3692; x_wconf 75' lang='lat' dir='ltr'>lectionI,</span> <span class='ocrx_word' id='word_1_227' title='bbox 1020 3644 1045 3681; x_wconf 89' lang='lat' dir='ltr'>et</span> <span class='ocrx_word' id='word_1_228' title='bbox 1056 3648 1123 3695; x_wconf 82' lang='lat' dir='ltr'>seqq.</span> <span class='ocrx_word' id='word_1_229' title='bbox 1134 3631 1157 3679; x_wconf 88' lang='lat' dir='ltr'>ei</span> <span class='ocrx_word' id='word_1_230' title='bbox 1172 3646 1223 3677; x_wconf 88' lang='lat' dir='ltr'>nou</span> 
     </span>
     <span class='ocr_line' id='line_1_31' title="bbox 172 3711 1034 3779; baseline -0.001 -20"><span class='ocrx_word' id='word_1_231' title='bbox 172 3730 212 3760; x_wconf 84' lang='lat' dir='ltr'>cos</span> <span class='ocrx_word' id='word_1_232' title='bbox 227 3711 382 3776; x_wconf 82' lang='lat' dir='ltr'>inimicosque</span> <span class='ocrx_word' id='word_1_233' title='bbox 393 3714 531 3773; x_wconf 73' lang='lat' dir='ltr'>habitritos</span> <span class='ocrx_word' id='word_1_234' title='bbox 550 3716 625 3766; x_wconf 84' lang='lat' dir='ltr'>sellie.</span> <span class='ocrx_word' id='word_1_235' title='bbox 635 3732 676 3775; x_wconf 86' lang='lat' dir='ltr'>se,</span> <span class='ocrx_word' id='word_1_236' title='bbox 718 3730 867 3779; x_wconf 82' lang='lat' dir='ltr'>repugnare,</span> <span class='ocrx_word' id='word_1_237' title='bbox 879 3723 949 3777; x_wconf 83' lang='lat' dir='ltr'>putat</span> <span class='ocrx_word' id='word_1_238' title='bbox 960 3714 1034 3759; x_wconf 90' lang='lat' dir='ltr'>Doer.</span> 
     </span>
     <span class='ocr_line' id='line_1_32' title="bbox 172 3786 1226 3857; baseline -0.003 -20"><span class='ocrx_word' id='word_1_239' title='bbox 172 3789 535 3857; x_wconf 73' lang='lat' dir='ltr'>Hasdmbalemetsyphacem.</span> <span class='ocrx_word' id='word_1_240' title='bbox 756 3794 780 3840; x_wconf 84' lang='lat'>8.</span> <span class='ocrx_word' id='word_1_241' title='bbox 790 3795 888 3855; x_wconf 88' lang='lat' dir='ltr'>Proque</span> <span class='ocrx_word' id='word_1_242' title='bbox 895 3801 1013 3852; x_wconf 82' lang='lat' dir='ltr'>parente</span> <span class='ocrx_word' id='word_1_243' title='bbox 1027 3787 1104 3836; x_wconf 88' lang='lat' dir='ltr'>scilic</span> <span class='ocrx_word' id='word_1_244' title='bbox 1115 3786 1226 3850; x_wconf 78' lang='lat' dir='ltr'>conjugis</span> 
     </span>
    </p>
   </div>
   <div class='ocr_carea' id='block_1_4' title="bbox 209 3869 777 3936">
    <p class='ocr_par' dir='ltr' id='par_1_10' title="bbox 209 3869 777 3936">
     <span class='ocr_line' id='line_1_33' title="bbox 209 3869 777 3936; baseline 0.011 -22"><span class='ocrx_word' id='word_1_245' title='bbox 209 3885 232 3928; x_wconf 86' lang='lat'>7.</span> <span class='ocrx_word' id='word_1_246' title='bbox 248 3870 338 3931; x_wconf 80' lang='lat' dir='ltr'>Optare</span> <span class='ocrx_word' id='word_1_247' title='bbox 351 3869 468 3932; x_wconf 85' lang='lat' dir='ltr'>primum,</span> <span class='ocrx_word' id='word_1_248' title='bbox 483 3872 525 3919; x_wconf 78' lang='lat' dir='ltr'>alii</span> <span class='ocrx_word' id='word_1_249' title='bbox 541 3870 637 3919; x_wconf 78' lang='lat' dir='ltr'>hortari</span> <span class='ocrx_word' id='word_1_250' title='bbox 646 3889 675 3936; x_wconf 87' lang='lat' dir='ltr'>p.</span> <span class='ocrx_word' id='word_1_251' title='bbox 719 3887 777 3920; x_wconf 74' lang='lat' dir='ltr'>suet.</span> 
     </span>
    </p>
   </div>
   <div class='ocr_carea' id='block_1_5' title="bbox 71 3946 1231 4009">
    <p class='ocr_par' dir='ltr' id='par_1_11' title="bbox 71 3946 1231 4009">
     <span class='ocr_line' id='line_1_34' title="bbox 71 3946 1231 4009; baseline -0.006 -13"><span class='ocrx_word' id='word_1_252' title='bbox 71 3950 76 3959; x_wconf 87' lang='lat'><em>&#39;</em></span> <span class='ocrx_word' id='word_1_253' title='bbox 171 3947 256 3996; x_wconf 89' lang='lat' dir='ltr'>Illud</span> <span class='ocrx_word' id='word_1_254' title='bbox 248 3963 275 3994; x_wconf 91' lang='lat' dir='ltr'>m</span> <span class='ocrx_word' id='word_1_255' title='bbox 288 3946 334 3994; x_wconf 86' lang='lat' dir='ltr'>hac</span> <span class='ocrx_word' id='word_1_256' title='bbox 347 3964 372 3996; x_wconf 88' lang='lat' dir='ltr'>re</span> <span class='ocrx_word' id='word_1_257' title='bbox 388 3948 533 4009; x_wconf 77' lang='lat' dir='ltr'>modestius,</span> <span class='ocrx_word' id='word_1_258' title='bbox 526 3951 619 4000; x_wconf 67' lang='lat' dir='ltr'>’Crem</span> <span class='ocrx_word' id='word_1_259' title='bbox 628 3949 675 3997; x_wconf 86' lang='lat' dir='ltr'>Sed</span> <span class='ocrx_word' id='word_1_260' title='bbox 754 3950 815 3998; x_wconf 68' lang='lat' dir='ltr'>Cur.</span> <span class='ocrx_word' id='word_1_261' title='bbox 833 3947 929 3994; x_wconf 75' lang='lat' dir='ltr'>mv.</span> <span class='ocrx_word' id='word_1_262' title='bbox 952 3961 974 3994; x_wconf 87' lang='lat'>1.</span> <span class='ocrx_word' id='word_1_263' title='bbox 994 3947 1086 4008; x_wconf 75' lang='lat' dir='ltr'>Magno</span> <span class='ocrx_word' id='word_1_264' title='bbox 1104 3955 1231 4004; x_wconf 82' lang='lat' dir='ltr'>momento</span> 
     </span>
    </p>
   </div>
   <div class='ocr_carea' id='block_1_6' title="bbox 173 4023 1146 4103">
    <p class='ocr_par' dir='ltr' id='par_1_12' title="bbox 173 4023 1146 4103">
     <span class='ocr_line' id='line_1_35' title="bbox 173 4023 1146 4103; baseline -0.004 -29"><span class='ocrx_word' id='word_1_265' title='bbox 173 4038 197 4076; x_wconf 87' lang='lat' dir='ltr'>et</span> <span class='ocrx_word' id='word_1_266' title='bbox 210 4027 282 4076; x_wconf 79' lang='lat' dir='ltr'>verbu</span> <span class='ocrx_word' id='word_1_267' title='bbox 296 4043 368 4091; x_wconf 79' lang='lat' dir='ltr'>praec.</span> <span class='ocrx_word' id='word_1_268' title='bbox 378 4043 425 4090; x_wconf 87' lang='lat' dir='ltr'>per</span> <span class='ocrx_word' id='word_1_269' title='bbox 438 4044 497 4091; x_wconf 82' lang='lat' dir='ltr'>quos</span> <span class='ocrx_word' id='word_1_270' title='bbox 513 4045 566 4103; x_wconf 70' lang='lat' dir='ltr'>eane</span> <span class='ocrx_word' id='word_1_271' title='bbox 580 4040 677 4077; x_wconf 90' lang='lat' dir='ltr'>moneat</span> <span class='ocrx_word' id='word_1_272' title='bbox 720 4043 813 4084; x_wconf 81' lang='lat' dir='ltr'>rerum,</span> <span class='ocrx_word' id='word_1_273' title='bbox 827 4037 873 4075; x_wconf 86' lang='lat' dir='ltr'>etc.</span> <span class='ocrx_word' id='word_1_274' title='bbox 887 4025 944 4074; x_wconf 75' lang='lat' dir='ltr'>vide</span> <span class='ocrx_word' id='word_1_275' title='bbox 955 4023 1075 4096; x_wconf 68' lang='lat' dir='ltr'>ad1,‚47</span> <span class='ocrx_word' id='word_1_276' title='bbox 1088 4039 1135 4072; x_wconf 74' lang='lat' dir='ltr'>n.-</span> <span class='ocrx_word' id='word_1_277' title='bbox 1126 4054 1146 4082; x_wconf 46' lang='grc' dir='ltr'>Ι.</span> 
     </span>
    </p>
   </div>
   <div class='ocr_carea' id='block_1_7' title="bbox 0 0 1406 4574">
    <p class='ocr_par' dir='ltr' id='par_1_13' title="bbox 0 0 1406 4574">
     <span class='ocr_line' id='line_1_36' title="bbox 0 0 1406 4574; baseline 0 0"><span class='ocrx_word' id='word_1_278' title='bbox 0 0 1406 4574; x_wconf 95' lang='lat' dir='ltr'> </span> 
     </span>
    </p>
   </div>
  </div>
 </body>
</html>
