2768 4574
186 307 307 420 {3:233}ss
415 325 564 395 arnan
594 326 736 403 XXIX.
763 300 871 394 oli.
897 327 960 393 vr.
1143 320 1211 419 457

158 449 303 546 praetori
322 443 530 543 scriptum⁶‚
546 459 586 516 ut
601 445 653 515 rei
669 443 814 541 agendae
832 444 982 515 adesset.
998 443 1152 516 Profecti
1169 443 1214 514 ab

159 557 316 655 Rhegio,
331 557 441 627 scalas
459 556 504 627 ad
522 554 653 628 editam
672 554 898 625 altitudinem
921 556 1010 625 arcis
1029 554 1217 627 fabricatas

159 680 363 762 portantes,
381 664 498 737 media
515 664 628 737 ferme
648 680 755 735 nocte
774 690 818 737 ex
836 690 880 735 eo
896 665 994 752 loco,
1014 666 1112 736 unde
1129 691 1217 737 con·

158 790 324 863 venerat,
340 775 480 872 signum
493 774 625 845 dedere
639 774 885 872 proditoribus
900 776 998 845 arcis.
1016 777 1088 866 Qui
1104 779 1218 877 parati

159 886 365 981 intentique
378 898 413 954 et
423 885 490 982 ipsi
503 885 613 955 scalas
627 884 672 954 ad
686 884 722 953 id
737 885 854 982 ipsum
870 882 978 954 factas
989 908 1101 980 quum
1115 883 1218 954 dimi-

159 995 299 1082 sissent,
308 992 544 1090 pluribusque
554 993 660 1063 simul
670 993 757 1064 locis
765 994 976 1065 scandentes
985 994 1218 1088 accepissent,

159 1102 260 1201 prius
272 1126 381 1199 quam
391 1102 526 1173 elamor
541 1104 707 1190 oriretur,
719 1104 889 1202 invigiles
901 1108 1110 1190 Poenorum,
1125 1103 1218 1172 utin

159 1211 261 1281 nullo
279 1211 339 1281 tali
353 1227 452 1282 metu
465 1223 490 1299 ⁷,
510 1213 646 1309 sopitos
663 1214 819 1311 impetus
837 1229 890 1285 est
908 1212 1032 1284 factus.
1052 1216 1217 1303 Quorum

158 1325 313 1422 gemitus
332 1326 450 1422 primo
468 1325 700 1395 morientium
718 1323 925 1413 exauditus3
952 1322 1082 1396 deinde
1100 1320 1217 1392 subita

159 1436 402 1506 consternatio
418 1460 462 1505 ex
477 1460 605 1506 somno
620 1450 656 1507 et
668 1435 856 1521 tumultus,
866 1459 981 1532 quum
993 1458 1097 1504 causa
1112 1434 1217 1529 igno-

157 1559 314 1632 raretur,
334 1559 517 1642 postremo
533 1547 663 1616 certior
673 1571 751 1633 res,
767 1546 843 1616 aliis
862 1544 1100 1616 excitantibus
1117 1545 1215 1614 alios.

157 1663 307 1754 Jamque
326 1658 380 1727 ad
393 1683 497 1727 arma
515 1682 584 1753 pro
604 1682 641 1728 se
664 1658 819 1753 quisque
839 1655 1015 1727 vocabat:
1040 1656 1159 1724 hostes
1179 1660 1217 1722 in

158 1790 241 1837 ame
253 1791 327 1837 esse
332 1820 343 1854 ,
359 1766 637 1863 etcoedivrgiles.
652 1769 897 1863 Oppressique
912 1765 1032 1836 forent
1045 1764 1217 1852 Romani,

157 1901 390 1972 nequaquam
407 1901 561 1948 numero
574 1901 694 1973 pares,
713 1877 751 1945 ni
768 1878 914 1965 clamor,
935 1875 979 1947 ab
996 1876 1057 1962 iis,
1081 1876 1146 1971 qui
1165 1900 1221 1945 ex·

158 1999 213 2055 tra
231 2009 351 2056 arcem
369 2001 489 2074 erant,
508 1986 689 2076 sublatus,
705 1988 900 2071 incertum,
919 1986 1016 2056 unde
1036 1984 1220 2056 accidisset

159 2097 296 2192 (omnia
309 2120 402 2167 vana
411 2111 564 2193 augente
573 2112 754 2169 nocturno
767 2098 952 2192 tumultu),
966 2092 1137 2168 fecisset⁸.
1150 2100 1219 2165 Ita·

158 2227 231 2301 que
248 2204 345 2276 velut
358 2205 465 2304 plena
473 2207 547 2300 jam
557 2206 716 2277 hostium
727 2233 807 2279 arce
822 2208 935 2280 territi
950 2207 1070 2290 Poeni,
1085 2206 1218 2276 omisso

158 2315 374 2401 certamine,
390 2316 427 2384 in
440 2316 587 2390 alteram
602 2342 720 2388 arcem
735 2318 837 2417 (duae
852 2333 936 2388 sunt
950 2317 1048 2388 haud
1062 2317 1218 2398 multum

158 2424 254 2495 inter
269 2450 307 2496 se
323 2424 513 2516 distantes)
527 2424 750 2525 confugiunt.
773 2428 956 2525 Oppidani
967 2427 1096 2498 urbem
1114 2424 1219 2495 habe-

192 2635 217 2681 6.
244 2637 273 2697 Q.
296 2636 413 2683 Pleminio
435 2637 584 2700 propretori
606 2636 664 2685 scri-
704 2648 799 2700 proetor
818 2636 866 2684 diei
882 2637 994 2695 videtur,
1008 2647 1035 2683 ut
1051 2634 1076 2681 C.
1092 2632 1217 2681 Centenius

152 2724 236 2776 ptum,
252 2725 298 2760 etc.
309 2713 470 2762 Dukerinota
481 2726 534 2762 est:
544 2715 665 2779 «Pighius
709 2718 796 2774 XXII,
809 2717 823 2762 8
838 2715 896 2778 (uhi
907 2715 957 2763 vid.
967 2725 1019 2762 not.
1034 2712 1072 2776 r),
1085 2723 1109 2760 et
1123 2711 1164 2759 alii
1177 2727 1217 2774 ap.

158 2790 185 2836 in
198 2793 263 2837 Ann.
279 2791 311 2838 ad
327 2808 367 2839 an.
384 2792 444 2838 Urb.
459 2793 523 2849 548,
538 2808 593 2857 pag.
605 2795 665 2852 215,
709 2795 860 2858 Grueh.eap.
870 2795 893 2852 5,
904 2792 1050 2841 Refutat.nd
1058 2803 1122 2856 post.
1133 2791 1217 2853 Sigon.

157 2870 271 2934 putabat,
289 2886 359 2928 eum,
378 2886 453 2932 quum
466 2871 577 2934 privatus
590 2884 665 2931 esset,
709 2873 805 2937 Dispnt.
825 2874 877 2921 Nee
897 2884 948 2930 est,
968 2871 1035 2935 quod
1058 2871 1113 2934 quis
1136 2869 1216 2926 ditat,

157 2965 202 2997 nee
216 2965 321 3011 unquam
334 2961 425 3013 praetor
438 2948 540 3008 fuisset,
558 2961 665 2998 extraor-
709 2952 829 2999 Pleminio
833 2951 917 3017 fasces
928 2963 952 2997 et
964 2950 1059 2998 lictores
1069 2949 1143 2997 tribui
1154 2964 1176 2996 c,
1185 2961 1216 3009 9:

158 3028 277 3076 dinarium
297 3044 310 3075 a
332 3028 427 3092 populo
448 3029 569 3093 accepisse
588 3029 665 3094 impe·
708 3046 765 3077 nam
774 3030 858 3094 legati,
868 3029 997 3077 mandante
1010 3030 1050 3076 vel
1064 3027 1162 3076 ahsente
1174 3027 1216 3072 im-

157 3108 235 3165 rium,
251 3118 275 3154 et
288 3107 408 3171 Rhegium
421 3124 469 3171 pro
482 3121 591 3172 proetore
608 3110 664 3156 mis·
708 3122 831 3173 peratore,
848 3109 977 3173 imperium
997 3119 1021 3156 et
1042 3109 1093 3168 ejus
1113 3105 1217 3169 insignia

80 3224 82 3229 .
158 3203 211 3234 sum
224 3187 306 3234 fuisse.
322 3186 370 3234 Sed
387 3201 440 3232 non
457 3187 536 3234 habeo
556 3189 666 3252 exempla
709 3188 839 3237 habehant.
853 3189 891 3237 Cs.
907 3189 958 3237 Cio.
972 3187 1004 3234 ad
1019 3188 1076 3234 niv.
1092 3189 1155 3242 XII,
1169 3186 1216 3240 30,

158 3267 274 3324 aliorum,
285 3266 341 3329 qui,
359 3263 552 3313 extraordinario
563 3267 666 3330 imperio
711 3279 735 3315 et
746 3271 816 3316 Verr.
829 3270 855 3326 I,
869 3268 916 3324 26,
931 3268 977 3325 28;
990 3267 1099 3324 Manat,
1114 3268 1216 3313 Hotom.

158 3346 275 3410 apopulo
285 3355 400 3409 accepto,
414 3345 487 3409 legati
496 3346 666 3409 Imperatorum
711 3358 735 3394 et
748 3347 857 3394 Lambin.
870 3347 900 3393 ad
912 3346 1039 3396 CieVerr.
1049 3349 1073 3402 1,
1087 3361 1133 3402 2²3
1150 3344 1216 3407 Lips.

157 3425 264 3473 fuerint:
284 3441 339 3472 nam
357 3425 501 3482 Pleminius,
517 3441 571 3489 eap.
586 3427 613 3483 8,
636 3442 664 3487 9,
711 3424 741 3472 de
751 3427 805 3472 Mil.
815 3429 888 3474 Rom.
899 3429 937 3484 ΙΙ,
955 3442 1016 3474 11.»
1027 3426 1098 3475 Cous.
1110 3425 1172 3471 infra
1186 3422 1217 3470 ad

161 3502 204 3560 16,
219 3504 311 3567 legatus
326 3503 443 3568 Scipionis
462 3514 578 3562 vocatur;
599 3504 667 3566 quod
711 3506 852 3562 XXXVII,
870 3521 892 3564 1,
906 3521 930 3551 n.
940 3506 965 3552 6.

158 3592 237 3627 autem
250 3583 362 3640 XXXV,
379 3582 408 3641 8,
429 3582 458 3628 de
470 3582 508 3628 Ti.
521 3581 666 3645 Sempronio
747 3585 820 3641 7.'Ut
837 3583 861 3629 in
880 3583 945 3628 nullo
967 3582 1013 3629 tali
1030 3593 1106 3637 metu,
1126 3582 1216 3644 quippe

157 3659 256 3722 legitur,
267 3676 346 3723 neque
360 3662 462 3708 omnino
477 3661 570 3718 simile,
587 3677 666 3724 neque
711 3661 753 3723 qui
769 3661 832 3708 nihil
848 3661 967 3721 ejusmodi
982 3672 1123 3709 metuerant.
1144 3661 1219 3708 Conf.

157 3738 237 3802 ipsum
258 3739 381 3802 explicatu
398 3740 470 3786 facile
489 3751 532 3786 est.
549 3741 667 3788 Praeterea
710 3740 742 3786 ad
753 3742 826 3799 VIII,
838 3742 883 3799 30,
895 3757 920 3788 n.
934 3757 956 3800 7.

157 3832 208 3864 non
228 3816 314 3875 video,
330 3818 456 3879 quomodo
477 3818 623 3878 Pleminius,
645 3820 666 3866 si
746 3821 769 3866 8.
784 3822 919 3875 Incertum,
933 3818 998 3865 unde
1011 3816 1218 3881 accidisset...se·

158 3895 285 3959 imperium
298 3912 311 3942 a
324 3896 418 3960 populo
432 3897 665 3961 accepisset,nSei-
709 3898 796 3944 risset:
810 3897 873 3944 varia
895 3898 920 3944 h.
938 3897 955 3943 l.
976 3907 1053 3957 tentat
1072 3898 1148 3943 Gron.
1170 3897 1219 3944 Sed

159 3975 264 4039 pionein
271 3986 365 4021 catenas
375 3975 465 4035 conjici
473 3977 605 4040 potuisset,
615 3978 665 4024 vid.
709 3977 771 4023 nihil
783 3976 924 4023 mutandum
938 3991 1002 4034 esse,
1022 3976 1091 4022 locus
1106 3977 1175 4032 XLI,
1190 3992 1219 4032 α,

159 4070 212 4119 cap.
226 4063 266 4110 41.
283 4053 347 4102 Mihi
362 4054 492 4102 Pleminius
509 4055 549 4102 hic
564 4057 596 4102 itu
605 4073 666 4118 pro·
711 4054 797 4118 docet;
810 4055 934 4104 Drakeuh.
948 4084 982 4094 -
998 4058 1101 4104 Sensum
1114 4055 1148 4104 ita
1164 4071 1219 4102 oum
