2768 4574
190 307 261 395 ei
611 310 648 374 r.
680 308 818 375 nvn
1095 286 1222 401 titt:

191 459 207 492 «
221 429 313 512 hoc,
333 450 407 521 quo
428 449 496 523 ego
522 449 671 514 censeo,
693 425 805 495 modo
829 422 1066 523 perficeretur
1090 425 1247 514 bellum3

189 567 206 601 «
222 556 340 607 tarnen
354 535 399 605 ad
411 534 619 631 dignitatem
634 535 760 632 populi
774 536 915 604 romani
932 532 1135 630 famamque
1151 535 1248 633 apud

188 677 205 711 «
218 668 318 742 reges
332 659 528 741 gentesque
546 659 711 715 externas
726 642 931 741 pertinebat
942 698 952 728 ,
963 669 1038 712 non
1056 643 1100 713 ad
1119 643 1247 715 defen-

189 787 205 821 «
220 756 374 826 dendam
386 754 496 825 modo
506 754 659 840 Italiam,
677 753 740 824 sed
752 753 796 824 ad
809 752 994 824 inserenda
1005 755 1112 824 etiam
1122 753 1247 824 Africae

175 889 331 952 «arma,
347 865 460 935 videri
478 864 584 934 nobis
599 865 758 934 animum
773 889 871 950 esse;
887 888 952 933 nec
971 861 1042 932 hoc
1060 860 1157 932 credi
1169 864 1247 932 vul·

187 1006 204 1040 «
218 977 382 1073 garique,
397 974 498 1070 quod
515 971 695 1043 Hannibal
710 997 818 1044 ausus
834 975 896 1059 sit,
913 973 1096 1042 neminem
1117 971 1244 1041 ducem

189 1089 465 1154 «Romanorum
493 1082 645 1168 audere;
666 1096 703 1152 et
727 1083 847 1179 priore
874 1083 1007 1179 punico
1033 1080 1146 1167 bell0,
1167 1096 1244 1151 tum

187 1217 334 1289 «quum
353 1192 398 1263 de
426 1192 542 1262 Sicilia
564 1206 775 1279 certaretur,
793 1193 900 1262 toties
925 1188 1078 1262 Africam
1101 1191 1147 1261 ab
1176 1216 1244 1261 no-

188 1335 204 1368 «
219 1305 301 1373 stris
316 1300 604 1397 exercitibusque
618 1316 654 1372 et
670 1301 840 1372 classibus
856 1316 1244 1399 oppugnatammuuc,

186 1436 332 1508 «quum
350 1411 395 1482 de
411 1411 511 1481 Italia
529 1425 705 1497 certetur,
721 1411 872 1482 Africam
892 1427 1053 1509 pacatam
1071 1437 1158 1482 esse.
1178 1418 1245 1482 Re·

185 1523 379 1618 «quiescat
406 1521 600 1617 aliquando
627 1536 753 1593 vexata
777 1538 849 1593 tam
881 1522 943 1593 diu
969 1523 1069 1594 ltalia
1091 1537 1245 1593 :uratur

184 1645 467 1726 «evasteturque
485 1633 522 1701 in
536 1632 651 1702 vicem
668 1630 808 1703 Africa:
830 1647 943 1703 castra
956 1657 1104 1702 romana
1122 1633 1244 1728 potius

185 1772 201 1806 «
217 1741 441 1838 Carthaginis
455 1726 569 1839 portis
582 1743 809 1827 immineant,
825 1766 932 1838 quam
949 1766 1015 1811 nos
1030 1742 1159 1811 iterum
1173 1742 1243 1811 val·

183 1852 290 1921 «lum
315 1851 472 1921 hostium
492 1877 536 1921 ex
559 1850 741 1921 moenibus
762 1853 893 1922 nostris
911 1850 1104 1921 videamus.
1126 1849 1242 1920 Africa

184 1961 261 2029 «sit
279 1959 409 2054 reliqui
427 1958 513 2029 belli
531 1959 632 2030 sedes
652 1986 659 2026 :
679 1960 764 2030 illuc
784 1975 903 2031 terror
928 1957 1102 2057 fugaque,
1123 1985 1241 2057 popu·

185 2069 301 2142 «latio
317 2092 505 2165 agrorum,
524 2066 679 2138 delectio
697 2070 897 2153 sociorum,
918 2083 1047 2140 caetera
1065 2067 1150 2138 belli
1169 2069 1240 2139 cla-

185 2206 202 2239 «
216 2175 296 2259 des,
319 2201 399 2271 quae
425 2178 462 2244 in
481 2201 548 2246 nos
575 2201 640 2273 per
666 2178 938 2272 quatuordecim
953 2203 1074 2267 ,annos
1094 2180 1240 2274 ingrue-

184 2299 319 2369 «runt,
337 2298 533 2353 vertantur.
553 2286 642 2372 Quae
659 2284 705 2353 ad
727 2285 984 2382 rempublicam
1004 2289 1185 2384 pertinent
1203 2303 1240 2357 et

185 2423 202 2457 «
215 2392 368 2479 bellum,
377 2393 478 2488 quod
490 2393 615 2481 instat,
630 2406 665 2463 et
678 2395 891 2489 provincias,
906 2393 950 2463 de
964 2394 1097 2491 quibus
1111 2399 1237 2490 agitur,

183 2502 344 2572 «dixisse
368 2501 451 2571 satis
472 2516 536 2572 est.
554 2501 617 2570 Illa
633 2501 740 2598 longa
761 2504 875 2572 oratio
898 2527 965 2572 nec
983 2502 1027 2572 ad
1048 2527 1112 2574 vos
1130 2505 1238 2600 perti-

181 2643 198 2676 «
212 2636 302 2684 nens
329 2613 406 2695 siti,
435 2613 482 2699 si,
502 2605 806 2707 quemadmodum
838 2613 878 2700 Q.
899 2609 1026 2681 Fabius
1058 2636 1154 2682 meas
1172 2637 1239 2697 res

180 2735 326 2819 «gestas
347 2723 384 2789 in
404 2723 572 2819 Hispania
595 2721 762 2805 elevavit,
791 2723 839 2791 sic
861 2735 896 2790 et
920 2746 987 2818 ego
1009 2737 1133 2792 contra
1158 2722 1237 2817 glo-

179 2861 196 2894 «
210 2831 298 2900 riam
317 2832 395 2924 ejus
415 2829 576 2916 eludere,
597 2844 632 2900 et
653 2854 769 2900 meam
789 2829 907 2899 verbis
927 2830 1099 2901 extollere
1119 2831 1234 2901 velim.

179 2943 388 3010 «Neutrum
409 2935 556 3025 faciam,
578 2942 698 3008 Patres
724 2940 932 3035 conscripti,
952 2954 1005 3028 et,
1027 2941 1056 3009 si
1078 2940 1150 3010 ulla
1169 2939 1236 3010 alia

178 3079 195 3112 «
210 3045 284 3136 re⁸,
296 3046 468 3117 modestia
481 3061 577 3117 certe
589 3062 625 3117 et
640 3047 874 3144 temperando
890 3047 1018 3144 linguae
1028 3047 1235 3119 adolescens

179 3181 333 3229 «senem
354 3157 484 3226 vicero,
506 3159 560 3224 Ita
577 3171 611 3225 et
629 3157 699 3225 vixi
718 3170 755 3226 et
771 3181 827 3226 res
839 3157 952 3252 gessi,
975 3170 1016 3226 ut
1038 3161 1166 3228 tacitus
1192 3182 1234 3227 ea

178 3268 401 3363 «opinione,
423 3289 531 3360 quam
557 3279 673 3334 vestra
706 3280 834 3362 sponte
867 3282 1079 3363 conceptam
1107 3267 1233 3336 animis

178 3373 404 3459 «haberetis,
427 3373 529 3445 facile
550 3389 742 3446 contentus
760 3399 911 3446 essem.»

216 3635 300 3693 7.Nee
314 3634 350 3681 ad
360 3650 405 3680 vos
414 3634 593 3697 pertinerint,
609 3636 682 3699 perti·
725 3636 843 3683 rationem
861 3653 911 3700 prae
930 3652 955 3683 se
975 3636 1085 3694 ferentis3
1096 3634 1181 3698 Scipio
1193 3649 1232 3680 au-

180 3723 260 3770 neret3
271 3712 326 3760 vide
335 3712 366 3760 ad
377 3714 409 3770 V,
420 3713 467 3772 34,
478 3729 503 3760 n.
512 3720 535 3768 4,
548 3740 581 3750 -
595 3713 681 3761 Elera·
724 3726 785 3771 tem,
798 3715 865 3777 quod
874 3725 925 3762 tuta
937 3715 1024 3762 clama-t
1039 3715 1132 3771 oratio,
1148 3728 1232 3776 spera·

181 3789 226 3843 vit‚·
237 3791 292 3838 vide
301 3791 330 3838 ad
341 3794 391 3850 111,
402 3807 445 3849 αι,
458 3808 482 3838 u.
493 3791 680 3846 5.-Eludere;
724 3792 779 3850 bat,
798 3792 879 3840 multis
896 3793 949 3840 aliis
966 3808 1073 3856 quoqne
1087 3793 1126 3839 vel
1148 3791 1231 3855 potius

180 3866 237 3914 vide
247 3869 277 3913 ad
289 3871 390 3927 XXVI,
406 3884 450 3931 19,
463 3888 488 3918 n.
500 3887 523 3931 7.
724 3870 837 3917 omnibus
849 3871 921 3919 rebus
937 3887 988 3918 sese
1002 3883 1167 3935 superaturum
1179 3869 1231 3933 glo-

216 3947 239 3991 8.
254 3945 279 3990 Si
298 3947 348 3994 ulla
361 3949 413 3996 alia
429 3965 468 4004 re,·
486 3949 517 3996 al.
535 3949 623 3996 nulla:
638 3948 681 3994 sed
725 3950 784 3996 riam
798 3950 878 4006 Fabii,
888 3961 912 3997 et
924 3961 972 3997 tam
983 3967 1058 3999 mares
1072 3949 1168 4013 gerebat
1181 3949 1229 4011 spi-

177 4025 226 4071 lioc
239 4025 316 4086 magis
333 4037 368 4072 est
381 4027 528 4089 desperantis
538 4039 582 4076 aut
593 4027 681 4092 despe-
725 4028 786 4076 ritus
797 4044 847 4076 non
859 4045 889 4075 ex
901 4029 994 4076 invidia
1006 4039 1047 4076 aut
1060 4028 1176 4083 vanitate,
1187 4025 1229 4073 sed
