2768 4574
276 315 321 391 30
424 331 427 344 ·
654 311 722 377 *n
755 310 894 379 mvn
1192 293 1310 398 titt:

273 430 502 533 praesidium,
527 443 568 500 ut
594 429 699 500 simul
722 429 759 497 in
785 425 949 499 faciendo
975 431 1112 498 muroi
1135 427 1330 523 adjuvaret.

273 549 374 642 Ipse,
391 539 575 640 profectus
595 564 676 610 cum
700 540 834 610 coeteris
849 539 980 636 copiis,
1002 537 1045 608 ad
1066 539 1242 611 Galaesum
1261 539 1332 610 ssu-

272 648 386 725 men⁵
406 652 589 749 (quinque
607 650 718 720 millia
738 648 783 720 ab
803 649 895 721 urbe
918 649 1041 745 abest)
1060 651 1181 748 posuit
1204 665 1329 722 castra.

272 769 324 836 Ex
339 765 381 835 iis
397 762 530 834 stativis
547 786 729 859 regressus
747 761 793 831 ad
813 760 1077 858 inspiciendum
1095 786 1186 858 opus
1208 760 1333 857 (quod

272 875 497 971 aliquantum
513 871 687 968 opinione
701 871 779 965 ejus
791 872 942 943 celerius
961 871 1142 964 creverat)
1159 895 1261 969 spem
1276 898 1332 943 ce·

268 985 458 1083 ,pit,etiam
468 1005 587 1053 areem
598 982 795 1079 expugnari
805 996 974 1078 posse2et
984 996 1037 1053 est
1046 1006 1121 1051 non
1130 981 1330 1069 altitudine,

270 1111 313 1167 ut
337 1109 462 1166 caetera
471 1089 500 1182 ὃ,
521 1107 618 1182 tuta,
639 1090 700 1162 sed
724 1091 805 1162 loco
827 1090 936 1189 plano
959 1092 1093 1189 posita,
1114 1105 1150 1161 et
1171 1089 1216 1161 ab
1240 1090 1329 1163 urbe

243 1227 374 1279 „muro
392 1215 534 1273 tantum
553 1225 594 1271 ac
613 1197 707 1270 fossa
726 1198 846 1270 divisa.
864 1205 987 1291 Quum
1002 1200 1077 1295 jam
1093 1199 1328 1271 machinatio-

265 1338 358 1384 num
368 1314 468 1383 omni
480 1335 610 1410 genere
621 1324 656 1381 et
668 1309 840 1407 operibus
852 1312 1329 1409 oppugnaretur,missuma

267 1429 479 1521 Metaponto
491 1419 697 1520 proesidium
707 1422 877 1492 Romanis
888 1419 972 1492 fecit
981 1421 1157 1509 animum,
1170 1435 1210 1491 ut
1220 1435 1327 1492 nocte

267 1561 312 1608 ex
330 1533 526 1632 improviso
543 1557 654 1630 opera
671 1528 830 1603 hostium
846 1533 1069 1604 invaderent.
1088 1533 1165 1603 Alia
1178 1533 1326 1627 disjece-

266 1660 370 1734 runt,
389 1643 457 1714 alia
470 1643 546 1740 igni
557 1656 820 1739 corruperunt3
840 1643 943 1740 isque
959 1641 1041 1713 finis
1055 1642 1248 1714 Hannibali
1259 1642 1328 1713 luit

266 1780 307 1828 ea
320 1770 421 1854 parte
434 1778 552 1826 arcem
568 1752 815 1851 oppugnandi.
826 1753 979 1850 Reliqua
993 1768 1068 1824 erat
1082 1757 1121 1823 in
1137 1752 1326 1824 obsidione

238 1917 240 1924 -
264 1891 364 1964 spes,
386 1890 453 1935 nec
476 1887 517 1934 ea
539 1863 622 1933 satis
640 1860 788 1952 efficax,
806 1863 892 1960 quia
912 1888 1028 1935 arcem
1047 1878 1227 1952 tenentes,
1244 1887 1324 1959 quae

261 1977 301 2044 in
320 1972 510 2072 peninsula
532 1973 648 2068 posita
668 1973 832 2044 imminet
852 1972 1016 2046 faucibus
1040 1989 1167 2073 portus
1180 1985 1206 2059 7,
1227 1998 1324 2044 mare

236 2151 238 2159 .
264 2083 419 2157 liberum
432 2080 632 2172 habebant,
645 2080 733 2153 urbs
746 2099 872 2155 contra
884 2085 1027 2157 exclusa
1039 2086 1224 2156 maritimis
1233 2108 1325 2155 eom-

262 2193 449 2283 meatibus,
460 2195 683 2292 propiusque
695 2193 853 2293 inopiam
865 2210 967 2266 erant
981 2194 1203 2283 obsidentes,
1214 2218 1323 2290 quam

261 2413 297 2450 est
307 2402 402 2450 aralium
410 2400 480 2448 intra
492 2417 558 2458 earn,
579 2411 641 2466 puto
652 2403 769 2450 munitio·
814 2419 855 2450 aus
866 2419 918 2450 esse
929 2402 1028 2460 debeat,
1040 2401 1114 2458 Dralt.
1129 2400 1266 2465 perspexit,
1279 2401 1323 2449 sed

209 2525 212 2531 .
260 2497 317 2529 nem
330 2496 394 2540 esse,
409 2497 463 2544 quae
473 2480 632 2540 mter,etr.»
648 2497 727 2545 neque
738 2482 770 2529 fe-
814 2480 1321 2545 extorquendopotiusquamexprimendo.

258 2560 331 2608 licior
344 2572 381 2609 est
399 2559 536 2608 emendatio
556 2559 581 2607 in
601 2561 666 2608 ter'ra
684 2573 769 2618 eruta,·
812 2560 939 2609 Walcbius
947 2562 1100 2620 autem,Em.
1107 2562 1234 2624 pag.138,
1242 2560 1274 2607 ad
1284 2577 1321 2608 se·

259 2657 332 2704 quam
344 2640 423 2702 rejicit
433 2639 559 2688 Walehius
568 2639 621 2687 Em.
636 2655 691 2704 pag.
706 2641 769 2703 134,
812 2640 911 2703 quentia
932 2655 1070 2699 recurrens,
1092 2639 1119 2686 in
1135 2639 1174 2686 his
1194 2651 1320 2689 moratur:

258 2719 355 2783 vulgata
364 2720 427 2766 bene
440 2718 584 2775 sebabeute.
597 2722 668 2766 Intra
669 2719 768 2784 feneam
812 2740 825 2759 «ι
833 2719 900 2783 isque
904 2717 968 2786 finis
981 2718 1121 2784 Hannsuit
1133 2735 1163 2768 ea
1171 2732 1258 2783 parte,
1273 2732 1319 2767 eto.

257 2810 294 2847 est
303 2813 400 2854 versus,
414 2797 532 2845 introrsus
545 2798 582 2845 ad
581 2797 686 2863 fissam.
697 2799 742 2846 Eo.
811 2797 892 2844 statim
901 2797 960 2845 inde
970 2814 997 2845 ea
1002 2798 1071 2862 patet
1079 2799 1196 2847 sententia
1203 2833 1210 2858 ,
1218 2802 1320 2859 Poenum

294 2886 318 2934 4.
332 2879 363 2924 tn
368 2877 441 2926 simul
449 2877 473 2924 in
475 2876 596 2944 faciendo
608 2893 692 2934 muro,·
702 2876 767 2940 opti·
810 2891 886 2939 quum
898 2891 911 2922 a
924 2887 992 2940 parte
1001 2877 1067 2924 urbis
1079 2876 1153 2927 finem
1166 2879 1228 2926 areis
1239 2895 1321 2943 oppu-

257 2956 292 3004 mi
309 2957 382 3015 libri,
400 2956 472 3004 simul
487 2954 661 3020 interjacienda
667 2973 678 3012 ,·
702 2954 767 3002 unde
810 2953 913 3018 gnandae
923 2956 1020 3015 fecerit,
1031 2957 1063 3004 ab
1074 2957 1162 3022 altera,
1172 2958 1257 3014 idest,
1268 2972 1318 3003 ma-

257 3036 333 3085 Perit.
343 3035 409 3095 conj.
420 3035 493 3091 simul
502 3034 570 3082 utin
578 3032 727 3102 pefieiendo
742 3044 767 3082 et
809 3033 889 3082 ritima
900 3033 995 3101 (confer
1002 3036 1056 3085 init.
1070 3053 1123 3102 cap.
1136 3035 1178 3099 u)
1191 3050 1318 3100 oppugna-

257 3110 335 3163 Gron.
347 3114 420 3162 simul
436 3113 461 3161 in
468 3112 619 3179 perficiendo
636 3111 676 3158 vel
696 3112 769 3162 simul
809 3111 900 3162 tionem
909 3115 1055 3179 instituisse.
1067 3117 1135 3178 Quid
1149 3115 1223 3179 igitur
1240 3115 1319 3164 voluit

256 3205 285 3242 ut
293 3195 318 3242 in
320 3191 449 3259 faciendo.
809 3205 894 3242 auctor
910 3196 1011 3256 adjectis
1024 3191 1057 3242 eu¹
1065 3206 1156 3259 parte,
1177 3210 1231 3258 quae
1250 3194 1316 3242 delu-

292 3274 316 3321 5.
326 3272 371 3320 Ad
379 3269 610 3337 Galoeeumfhtmen,
626 3267 702 3317 bodie
714 3269 766 3318 Ga·
809 3271 871 3322 dunt
882 3274 1014 3322 lectorem?
1028 3273 1107 3321 audax
1121 3273 1244 3321 videbitur
1256 3289 1316 3320 con-

256 3351 317 3409 luto,
333 3350 372 3398 vel
387 3349 509 3414 Bagrada,
527 3347 566 3396 vel
580 3349 654 3406 Tam,
672 3348 765 3398 afluens
805 3353 864 3413 jeet.
882 3353 925 3401 sed
938 3370 992 3417 quae
1008 3351 1175 3401 difficultatem
1195 3352 1265 3407 facile
1282 3368 1316 3400 re·

255 3447 338 3494 agrum
351 3428 510 3477 Tarentinum
531 3427 659 3491 ipsumque
676 3429 765 3477 Taren·
807 3445 904 3483 moveat
914 3448 922 3481 ε
933 3433 1007 3480 verba
1019 3447 1049 3480 ea
1057 3443 1132 3496 parte
1144 3432 1201 3479 loeo
1215 3448 1315 3499 moven-

254 3521 313 3559 tum.
326 3508 416 3557 Confer
426 3505 593 3569 Polyntttll,
611 3505 643 3552 35
649 3521 656 3564 ;
666 3507 762 3558 Cluver.
807 3513 839 3561 da
854 3527 959 3570 censeo,
975 3523 999 3559 et
1011 3512 1121 3575 superius
1138 3511 1274 3568 referenda,
1287 3524 1315 3562 ut

253 3590 307 3644 Ital.
321 3598 371 3635 ant.
389 3600 446 3650 pag·
461 3585 539 3642 ¹238,
557 3594 582 3632 tt
598 3587 682 3649 lsstpp·
699 3588 761 3642 Hor.
806 3591 852 3640 sit:
863 3601 887 3638 et
899 3601 933 3637 est
945 3605 993 3636 non
1005 3589 1135 3637 altitudine
1147 3606 1178 3636 ea
1185 3603 1278 3653 parte,
1288 3603 1316 3639 ut

253 3668 300 3722 Od.
313 3669 351 3724 11,
363 3665 395 3722 6,
407 3680 433 3711 n.
449 3673 529 3722 10‚et
536 3663 605 3727 Virg.
617 3665 707 3728 Georg.
716 3668 761 3726 IV,
805 3681 894 3717 cratera
907 3685 970 3732 pars.
990 3671 1046 3717 Jam
1064 3669 1145 3716 omnia
1158 3685 1216 3716 sana
1230 3681 1314 3732 erunt,

254 3748 312 3795 126.
321 3771 356 3781 -
369 3743 480 3805 Quinque
494 3741 571 3790 millia
588 3741 659 3807 (vide
670 3744 761 3805 adIX,
805 3749 885 3806 elata,
898 3758 1027 3796 venusta.»
1042 3749 1087 3795 En.

253 3834 300 3882 24,
310 3841 335 3873 n.
343 3821 370 3887 a)
380 3822 412 3869 ab
419 3822 478 3869 urbe
487 3823 567 3880 abest,
574 3833 609 3876 ,ut
620 3840 659 3888 ap.
667 3824 756 3889 Polyb.
843 3845 866 3888 7.
878 3830 909 3874 In
917 3828 1048 3890 peninsula
1054 3828 1138 3891 posita
1153 3846 1197 3877 arx
1208 3830 1314 3877 imminet

286 3905 311 3951 6.
328 3903 385 3951 Non
399 3900 541 3958 altitudine,
558 3913 587 3954 ut
600 3914 690 3951 eoetera
705 3920 762 3969 pars
797 3905 915 3970 faucibus
929 3917 1031 3970 portus,
1057 3907 1118 3956 adeo
1142 3910 1262 3972 angustis,
1285 3920 1313 3958 ut

251 3982 326 4041 areis,
336 3997 390 4045 quae
399 3992 577 4046 marespeetat,
591 3993 687 4030 tutaest
689 3999 760 4046 pars,
805 3997 883 4049 ponte
897 3986 1056 4048 jungerentur
1077 3988 1312 4049 clauderenturqne:

240 4061 336 4116 ¹urbem
347 4077 431 4110 versus
440 4062 497 4124 sita;
511 4061 586 4124 Drak.
597 4061 701 4125 -Quia
711 4078 763 4112 aen·
792 4081 836 4121 =ex
850 4081 900 4133 quo
914 4078 1003 4130 portu,
1026 4069 1094 4134 cujus
1116 4068 1223 4123 claustra¹
1239 4065 1312 4124 bostis
