2768 4574
181 317 305 424 Ιχξῑςξζ,
395 321 559 404 cisun
590 328 714 401 xxv.
741 333 985 402 esurivi.
1168 333 1217 422 45

155 484 224 530 nus
238 458 321 547 fuit,
337 472 446 556 caput
460 456 571 554 partis
590 454 668 550 ejus
681 458 928 541 Lucanorum,
941 480 1055 552 quum
1074 481 1155 555 pars
1170 461 1217 545 ad

155 569 391 641 Hannibalem
412 565 616 654 defecisset,
636 588 716 660 quae
733 589 816 635 cum
833 569 1005 638 Romanis
1023 567 1162 640 stabat:
1180 585 1218 642 et

152 678 226 774 jam
244 704 342 749 anuo
359 680 399 748 iu
419 676 628 773 magistratu
648 688 744 762 erat;
763 673 809 744 ab
832 674 966 747 eisdem
986 677 1055 750 illis
1076 694 1218 752 creatus

126 818 128 823 ’
154 802 296 886 praetor.
318 795 375 877 Is,
398 799 536 858 mutata
557 799 708 882 repente
727 784 934 871 voluntate,
955 786 1076 858 locum
1097 791 1218 886 gratiae

90 961 92 967 .
155 899 253 996 apud
274 905 427 971 Poenum
454 920 640 993 quaerens,
662 919 783 991 neque
807 897 958 966 transire
980 897 1075 993 ipse,
1096 923 1218 996 neque

154 1009 296 1080 trahere
315 1008 361 1079 ad
374 1005 614 1080 defectionem
627 1011 792 1077 Lucanos
810 1007 894 1077 satis
908 1005 1053 1095 habuit,
1074 1011 1143 1080 nisi
1156 1011 1219 1080 im·

154 1121 330 1217 peratoris
339 1134 375 1190 et
384 1116 545 1213 ejusdem
553 1116 704 1213 hospitis
718 1116 853 1214 proditi
865 1119 980 1214 capite
990 1143 1032 1188 ac
1044 1123 1219 1218 sanguine

154 1228 273 1302 loedus
293 1253 376 1300 cum
395 1225 562 1298 hostibus
584 1228 767 1298 sanxisset.
790 1227 846 1298 Ad
863 1231 1076 1326 Magonem,
1097 1232 1220 1327 quiin
1249 1243 1251 1247 ’

154 1341 301 1410 Bruttiis
320 1339 505 1436 praeeratl,
524 1337 616 1408 clam
635 1339 673 1407 in
692 1338 916 1435 colloquium
935 1340 1055 1428 venit;
1073 1339 1219 1439 fideque
1257 1384 1265 1395 ·

155 1449 260 1521 abeo
280 1463 444 1547 accepta,
464 1449 495 1518 si
508 1472 699 1519 romanum
719 1449 762 1518 iis
779 1450 1036 1547 imperatorem
1051 1451 1220 1523 tradidis-

156 1577 229 1651 set,
251 1559 384 1632 liberos
407 1584 491 1631 cum
509 1560 582 1629 suis
608 1557 747 1655 legibus
770 1572 943 1630 venturos
964 1562 1003 1631 in
1029 1563 1220 1633 amicitiam

153 1677 345 1760 Lucanos,
369 1670 515 1743 deducit
537 1675 691 1742 Poenum
714 1671 753 1740 in
778 1670 918 1758 locum,
941 1696 1017 1767 quo
1036 1687 1112 1742 erat
1136 1697 1219 1744 cum

154 1783 279 1879 paucis
295 1780 499 1885 Gracchum
519 1778 742 1851 adducturus
751 1775 777 1849 ⁵.
798 1783 991 1876 Magonem
1011 1781 1061 1852 ibi
1080 1782 1220 1880 pedites

156 1895 367 1989 equitesque
384 1915 540 1978 armare,
556 1905 592 1960 et
608 1914 737 1987 capere
754 1914 813 1960 eas
828 1889 999 1978 latebras,
1018 1891 1082 1961 uhi
1096 1895 1218 1989 ingen·

80 2085 82 2088 y
154 2015 229 2072 tem
254 2025 448 2072 numerum
471 1999 673 2082 occuleret,
688 1998 804 2095 jubet.
829 2005 929 2072 Loco
950 2006 1033 2074 satis
1054 2006 1220 2103 iuspecto

156 2126 264 2208 atque
279 2110 441 2206 undique
456 2108 661 2206 explorem,
682 2110 758 2180 dies
774 2113 972 2207 composita
985 2114 1150 2210 gereudae
1167 2116 1221 2185 rei

156 2235 221 2292 est.
237 2220 377 2290 Flavius
389 2219 433 2290 ad
448 2240 639 2289 romanum
655 2221 911 2317 imperatorem
925 2224 1026 2293 venit
1039 2252 1050 2294 .·
1064 2229 1153 2297 Rem
1167 2251 1220 2314 se,

156 2333 222 2417 ait,
241 2357 413 2428 maguam
428 2330 630 2418 inchoasse,
647 2330 701 2400 ad
712 2356 824 2428 quam
830 2334 1096 2429 perficiendam
1111 2343 1222 2433 ipsius

160 2442 316 2513 Gracchi
327 2467 436 2540 opera
449 2465 539 2538 opus
553 2465 637 2511 esse.
654 2445 826 2512 Omnium
832 2441 1079 2540 populorum6
1088 2462 1222 2543 proeto

155 2551 273 2636 ribus,
296 2558 362 2648 qui
384 2551 437 2621 ad
458 2556 614 2621 Poenum
635 2556 673 2619 in
693 2549 753 2621 illo
778 2560 963 2624 communi
977 2554 1097 2628 Italiae
1121 2570 1222 2628 motu

65 2719 82 2777 ’,
155 2731 250 2780 Flavus.
269 2730 346 2795 Apud
361 2727 469 2793 Appiam.
488 2728 605 2778 busun.
618 2727 665 2787 35,
710 2729 789 2776 locum
804 2729 876 2794 pacis
898 2729 1035 2779 Gracchum
1053 2731 1218 2792 adducturus,

155 2811 256 2870 Φλαὺΐος
266 2829 310 2861 seu
317 2805 431 2866 Φλάῧιος.
441 2807 666 2871 Moxverhequum
709 2807 777 2871 quod
791 2808 903 2873 ineptum
920 2820 964 2856 est.
984 2811 1074 2857 Paucis
1091 2811 1164 2860 etiam
1181 2827 1221 2862 ex·

154 2905 213 2951 pars
231 2889 267 2936 ad
281 2887 444 2935 Hannibalem
462 2885 587 2952 defecisset
601 2886 665 2934 forte
709 2896 756 2933 stat
767 2887 848 2933 inMS
858 2888 912 2934 Put.
927 2897 951 2935 et
960 2885 1057 2937 iteratio
1067 2893 1110 2940 τοῦ
1120 2906 1174 2937 cum
1187 2890 1221 2938 ef-

155 2986 170 3016 u
183 2969 316 3033 glossatore
328 2966 446 3031 prolecta.
708 2966 781 3024 fecit,
794 2976 822 3013 ut
835 2965 909 3013 verba
922 2982 971 3028 quo
986 2978 1040 3013 erat
1049 2984 1104 3015 cum
1114 2981 1173 3033 post
1186 2969 1222 3017 lo·

192 3057 216 3104 4.
231 3047 280 3110 Qui
288 3047 312 3094 iu
322 3043 423 3093 Bruttiis
428 3043 621 3107 praerat;vide
634 3042 666 3091 ad
709 3061 763 3092 cum
786 3044 940 3104 exciderent3
965 3045 1096 3096 strothius.
1116 3039 1223 3096 Deducit

156 3128 188 3185 V,
199 3127 226 3185 8,
237 3143 263 3174 n.
276 3127 299 3173 3.
313 3127 376 3172 Mox
386 3123 428 3179 iis,
441 3138 475 3171 sc.
487 3121 607 3169 hostibus.
615 3121 666 3170 Alii
709 3125 822 3181 Panum,
838 3140 887 3188 quo
906 3140 960 3171 cum
974 3125 1063 3189 paucis
1084 3126 1223 3175 Gracchum

157 3207 177 3252 is
188 3218 254 3255 etex
265 3203 359 3253 emend.
372 3202 455 3266 Sigon.
464 3199 517 3248 sihi.
525 3225 559 3236 -
567 3199 666 3247 Liberos
710 3203 747 3250 ait
760 3202 907 3250 ductarum:
918 3206 992 3270 Mago
1003 3204 1045 3251 ubi
1048 3205 1144 3270 pedites
1154 3207 1222 3271 equi-

156 3302 211 3332 cum
226 3286 274 3333 suis
293 3284 396 3349 legibus,
417 3293 445 3329 ut
463 3280 521 3329 alibi
531 3279 663 3336 immunes,
710 3292 791 3345 terque
801 3293 932 3340 amasset,
943 3295 1041 3348 caperet
1048 3299 1090 3331 eas
1100 3285 1220 3344 latebras,

157 3365 211 3413 scil.
238 3364 386 3411 tributorum
411 3359 613 3424 vectigaliumque
635 3374 666 3404 ac
710 3360 753 3406 uhi
760 3361 879 3426 ingentem
890 3377 1015 3408 numerum
1024 3363 1143 3410 occuleret
1156 3365 1221 3424 conj.

156 3444 205 3491 suis
221 3443 310 3510 legibiu
322 3443 440 3500 uiuentes,
461 3439 606 3506 ἐλευθέρους,
621 3434 667 3495 αὖ·Ι
711 3439 821 3486 Gronov.
833 3451 858 3487 et
870 3440 905 3486 sic
920 3439 969 3487 fere
984 3440 1030 3486 MS
1050 3443 1104 3490 Puc
1123 3441 1221 3490 deducit

158 3523 280 3592 τονόμους.
303 3522 393 3570 Confer
403 3522 488 3577 XXV,
508 3519 555 3576 23,
573 3518 665 3576 XXX,
710 3520 811 3565 Parrum
830 3519 855 3566 in
877 3519 956 3566 lacum
971 3519 1060 3583 paucis
1081 3520 1220 3570 Gracchum

160 3601 358 3662 37;xxxvl1,
377 3601 423 3658 543
440 3599 529 3656 XLIV,
540 3612 567 3657 73
587 3596 666 3654 XLV,
711 3597 872 3646 adducturum
886 3600 962 3662 Mago
975 3597 1010 3645 ibi
1014 3615 1043 3663 p.
1054 3615 1075 3646 e.
1089 3600 1229 3649 armareset.

159 3681 202 3728 26.
211 3681 248 3726 De
260 3679 352 3743 duplici
360 3675 631 3745 privilegimilsuhspip
641 3688 667 3726 et
710 3691 797 3741 capere
812 3693 866 3733 eas,
880 3687 926 3723 etc.
938 3676 1047 3724 Verbum
1059 3677 1157 3742 jubete
1169 3679 1222 3744 ple·
1281 3735 1285 3740 ,

159 3758 303 3827 ahrcucpiqt3
318 3760 374 3808 vide
386 3760 517 3824 spanhem.
534 3759 564 3807 de
579 3774 626 3806 usu
641 3769 666 3807 et
710 3755 792 3818 risque
801 3757 863 3804 MSS
876 3754 960 3810 abest,
971 3767 1010 3816 et,
1023 3757 1044 3803 si
1055 3757 1223 3821 retinendum,

159 3857 196 3904 pr.
210 3854 277 3885 num.
286 3838 349 3884 Diss.
363 3837 415 3895 IX,
429 3853 484 3901 pag.
499 3837 550 3895 674
563 3852 613 3898 seq.
710 3851 757 3899 pro
768 3833 802 3881 ibi
813 3833 896 3897 potius
908 3834 1104 3884 substituendum
1114 3838 1226 3888 videtur.

195 3919 219 3966 5.
235 3920 266 3963 Irt
280 3917 370 3973 Iocum,
386 3932 433 3978 quo
448 3926 503 3962 erat
515 3928 570 3960 cum
578 3914 667 3978 paucis
710 3942 745 3950 —
756 3912 814 3961 Dies
823 3913 958 3976 composita
962 3932 973 3971 ,·
984 3915 1039 3963 vide
1050 3933 1122 3981 supra
1135 3917 1167 3965 ad
1176 3917 1224 3965 lib.

163 3996 298 4046 Gracchum
317 3994 481 4051 adducturus,
501 4010 532 4041 ex
550 4010 599 4041 uno
621 3996 667 4042 MS
712 3995 764 4052 ΙΙΙ,
777 3993 887 4056 cap-53,
900 4010 965 4044 ma,

161 4081 209 4127 Pel.
225 4078 307 4142 recepi
324 4092 379 4126 cum
394 4075 485 4124 Stroth.
501 4091 548 4139 pru
562 4075 627 4137 vulg.
643 4075 667 4120 iu
749 4073 775 4121 6.
786 4072 898 4120 Omnium
901 4073 1059 4138 papularum,
1071 4090 1105 4122 sc.
1114 4073 1223 4140 singuloss
