<?xml version="1.0" encoding="UTF-8"?>
<!DOCTYPE html PUBLIC "-//W3C//DTD XHTML 1.0 Transitional//EN"
    "http://www.w3.org/TR/xhtml1/DTD/xhtml1-transitional.dtd">
<html xmlns="http://www.w3.org/1999/xhtml" xml:lang="en" lang="en">
 <head>
  <title>
</title>
<meta http-equiv="Content-Type" content="text/html;charset=utf-8" />
  <meta name='ocr-system' content='tesseract 3.04.00' />
  <meta name='ocr-capabilities' content='ocr_page ocr_carea ocr_par ocr_line ocrx_word'/>
</head>
<body>
  <div class='ocr_page' id='page_1' title='image "./titusliviuspata04freigoog_0280.png"; bbox 0 0 2768 4574; ppageno 0'>
   <div class='ocr_carea' id='block_1_1' title="bbox 184 289 1217 402">
    <p class='ocr_par' dir='ltr' id='par_1_1' title="bbox 184 289 1217 402">
     <span class='ocr_line' id='line_1_1' title="bbox 184 289 1217 402; baseline 0.001 -25"><span class='ocrx_word' id='word_1_1' title='bbox 184 289 306 397; x_wconf 59' lang='grc' dir='ltr'><strong>ὓςὲςξῑῖς</strong></span> <span class='ocrx_word' id='word_1_2' title='bbox 373 308 532 375; x_wconf 70' lang='lat' dir='ltr'><strong>meeis</strong></span> <span class='ocrx_word' id='word_1_3' title='bbox 561 307 720 374; x_wconf 79' lang='lat' dir='ltr'><strong>xxvii.</strong></span> <span class='ocrx_word' id='word_1_4' title='bbox 747 307 856 373; x_wconf 71' lang='lat' dir='ltr'><strong>cir.</strong></span> <span class='ocrx_word' id='word_1_5' title='bbox 883 306 1009 373; x_wconf 81' lang='lat' dir='ltr'><strong>xxti.</strong></span> <span class='ocrx_word' id='word_1_6' title='bbox 1148 307 1217 402; x_wconf 78' lang='lat'><strong>273</strong></span> 
     </span>
    </p>
   </div>
   <div class='ocr_carea' id='block_1_2' title="bbox 73 425 1222 3167">
    <p class='ocr_par' dir='ltr' id='par_1_2' title="bbox 73 425 1222 3167">
     <span class='ocr_line' id='line_1_2' title="bbox 94 425 1220 527; baseline 0.001 -28"><span class='ocrx_word' id='word_1_7' title='bbox 94 492 100 506; x_wconf 86' lang='grc'>,</span> <span class='ocrx_word' id='word_1_8' title='bbox 159 430 311 500; x_wconf 76' lang='lat' dir='ltr'><strong>exltalia</strong></span> <span class='ocrx_word' id='word_1_9' title='bbox 325 426 496 498; x_wconf 85' lang='lat' dir='ltr'><strong>adductas</strong></span> <span class='ocrx_word' id='word_1_10' title='bbox 507 441 569 497; x_wconf 90' lang='lat' dir='ltr'><strong>aut</strong></span> <span class='ocrx_word' id='word_1_11' title='bbox 579 441 700 524; x_wconf 87' lang='lat' dir='ltr'><strong>captas</strong></span> <span class='ocrx_word' id='word_1_12' title='bbox 708 425 924 522; x_wconf 88' lang='lat' dir='ltr'><strong>Carthagine</strong></span> <span class='ocrx_word' id='word_1_13' title='bbox 938 426 1105 517; x_wconf 87' lang='lat' dir='ltr'><strong>habebat,</strong></span> <span class='ocrx_word' id='word_1_14' title='bbox 1116 428 1177 527; x_wconf 91' lang='lat' dir='ltr'><strong>qui</strong></span> <span class='ocrx_word' id='word_1_15' title='bbox 1183 458 1220 500; x_wconf 89' lang='lat' dir='ltr'><strong>n-</strong></span> 
     </span>
     <span class='ocr_line' id='line_1_3' title="bbox 158 538 1219 636; baseline 0.001 -26"><span class='ocrx_word' id='word_1_16' title='bbox 158 541 330 636; x_wconf 80' lang='lat' dir='ltr'>quaginta</span> <span class='ocrx_word' id='word_1_17' title='bbox 344 541 381 609; x_wconf 94' lang='lat' dir='ltr'><strong>in</strong></span> <span class='ocrx_word' id='word_1_18' title='bbox 388 540 392 556; x_wconf 68' lang='lat'><strong>²</strong></span> <span class='ocrx_word' id='word_1_19' title='bbox 401 538 598 636; x_wconf 81' lang='lat' dir='ltr'><strong>Sardiniam</strong></span> <span class='ocrx_word' id='word_1_20' title='bbox 613 538 857 608; x_wconf 84' lang='lat' dir='ltr'><strong>transmittere</strong></span> <span class='ocrx_word' id='word_1_21' title='bbox 869 538 1006 632; x_wconf 84' lang='lat' dir='ltr'><strong>jussus,</strong></span> <span class='ocrx_word' id='word_1_22' title='bbox 1022 539 1219 635; x_wconf 72' lang='lat' dir='ltr'><strong>quiu&#39;iama</strong></span> 
     </span>
     <span class='ocr_line' id='line_1_4' title="bbox 159 649 1218 748; baseline 0.001 -27"><span class='ocrx_word' id='word_1_23' title='bbox 159 665 254 740; x_wconf 84' lang='lat' dir='ltr'><strong>erat,</strong></span> <span class='ocrx_word' id='word_1_24' title='bbox 273 675 444 748; x_wconf 89' lang='lat' dir='ltr'><strong>magnum</strong></span> <span class='ocrx_word' id='word_1_25' title='bbox 465 649 628 718; x_wconf 86' lang='lat' dir='ltr'><strong>navalem</strong></span> <span class='ocrx_word' id='word_1_26' title='bbox 653 661 865 744; x_wconf 87' lang='lat' dir='ltr'><strong>apparatum</strong></span> <span class='ocrx_word' id='word_1_27' title='bbox 888 672 932 716; x_wconf 86' lang='lat' dir='ltr'><strong>eo</strong></span> <span class='ocrx_word' id='word_1_28' title='bbox 953 673 1049 718; x_wconf 90' lang='lat' dir='ltr'><strong>anno</strong></span> <span class='ocrx_word' id='word_1_29' title='bbox 1068 651 1218 722; x_wconf 89' lang='lat' dir='ltr'><strong>Cartha-</strong></span> 
     </span>
     <span class='ocr_line' id='line_1_5' title="bbox 158 756 1219 856; baseline 0.005 -28"><span class='ocrx_word' id='word_1_30' title='bbox 158 761 240 856; x_wconf 84' lang='lat' dir='ltr'>gine</span> <span class='ocrx_word' id='word_1_31' title='bbox 259 785 354 848; x_wconf 88' lang='lat' dir='ltr'><strong>esse;</strong></span> <span class='ocrx_word' id='word_1_32' title='bbox 377 758 541 829; x_wconf 87' lang='lat' dir='ltr'><strong>ducentis</strong></span> <span class='ocrx_word' id='word_1_33' title='bbox 557 756 710 828; x_wconf 88' lang='lat' dir='ltr'><strong>navibus</strong></span> <span class='ocrx_word' id='word_1_34' title='bbox 729 769 877 828; x_wconf 86' lang='lat' dir='ltr'><strong>ornnem</strong></span> <span class='ocrx_word' id='word_1_35' title='bbox 892 782 992 828; x_wconf 89' lang='lat' dir='ltr'><strong>oram</strong></span> <span class='ocrx_word' id='word_1_36' title='bbox 1006 759 1114 833; x_wconf 82' lang='lat' dir='ltr'><strong>ltaliae</strong></span> <span class='ocrx_word' id='word_1_37' title='bbox 1134 763 1219 833; x_wconf 89' lang='lat' dir='ltr'><strong>Sici·</strong></span> 
     </span>
     <span class='ocr_line' id='line_1_6' title="bbox 157 867 1220 966; baseline 0.006 -28"><span class='ocrx_word' id='word_1_38' title='bbox 157 869 285 966; x_wconf 87' lang='lat' dir='ltr'><strong>liaeque</strong></span> <span class='ocrx_word' id='word_1_39' title='bbox 308 873 348 940; x_wconf 88' lang='lat' dir='ltr'><strong>ac</strong></span> <span class='ocrx_word' id='word_1_40' title='bbox 365 868 533 938; x_wconf 77' lang='lat' dir='ltr'>Sardiniae</span> <span class='ocrx_word' id='word_1_41' title='bbox 552 867 775 965; x_wconf 90' lang='lat' dir='ltr'><strong>impleturos.</strong></span> <span class='ocrx_word' id='word_1_42' title='bbox 794 871 838 937; x_wconf 86' lang='lat' dir='ltr'><strong>Et</strong></span> <span class='ocrx_word' id='word_1_43' title='bbox 851 869 889 938; x_wconf 93' lang='lat' dir='ltr'><strong>in</strong></span> <span class='ocrx_word' id='word_1_44' title='bbox 908 868 1025 939; x_wconf 88' lang='lat' dir='ltr'><strong>Sicilia</strong></span> <span class='ocrx_word' id='word_1_45' title='bbox 1040 871 1088 940; x_wconf 89' lang='lat' dir='ltr'><strong>ita</strong></span> <span class='ocrx_word' id='word_1_46' title='bbox 1110 871 1220 944; x_wconf 86' lang='lat' dir='ltr'><strong>divisa</strong></span> 
     </span>
     <span class='ocr_line' id='line_1_7' title="bbox 158 979 1217 1052; baseline 0.003 -3"><span class='ocrx_word' id='word_1_47' title='bbox 158 992 292 1050; x_wconf 70' lang='lat' dir='ltr'><strong>res‘est</strong></span> <span class='ocrx_word' id='word_1_48' title='bbox 315 1006 324 1047; x_wconf 78' lang='lat' dir='ltr'>t</span> <span class='ocrx_word' id='word_1_49' title='bbox 349 982 428 1049; x_wconf 86' lang='lat' dir='ltr'>Sex.</span> <span class='ocrx_word' id='word_1_50' title='bbox 448 979 575 1049; x_wconf 84' lang='lat' dir='ltr'><strong>Caesari</strong></span> <span class='ocrx_word' id='word_1_51' title='bbox 598 979 776 1049; x_wconf 85' lang='lat' dir='ltr'><strong>exercitus</strong></span> <span class='ocrx_word' id='word_1_52' title='bbox 801 981 992 1049; x_wconf 91' lang='lat' dir='ltr'><strong>cannensis</strong></span> <span class='ocrx_word' id='word_1_53' title='bbox 1014 993 1068 1050; x_wconf 89' lang='lat' dir='ltr'><strong>est</strong></span> <span class='ocrx_word' id='word_1_54' title='bbox 1093 979 1217 1052; x_wconf 89' lang='lat' dir='ltr'><strong>datus:</strong></span> 
     </span>
     <span class='ocr_line' id='line_1_8' title="bbox 159 1089 1217 1189; baseline 0.003 -30"><span class='ocrx_word' id='word_1_55' title='bbox 159 1094 206 1159; x_wconf 89' lang='grc' dir='ltr'><strong>Μ.</strong></span> <span class='ocrx_word' id='word_1_56' title='bbox 230 1089 393 1161; x_wconf 85' lang='lat' dir='ltr'><strong>Valerius</strong></span> <span class='ocrx_word' id='word_1_57' title='bbox 415 1089 578 1158; x_wconf 78' lang='lat' dir='ltr'><strong>Laevinus</strong></span> <span class='ocrx_word' id='word_1_58' title='bbox 602 1089 656 1183; x_wconf 88' lang='lat' dir='ltr'><strong>(ei</strong></span> <span class='ocrx_word' id='word_1_59' title='bbox 684 1113 833 1185; x_wconf 88' lang='lat' dir='ltr'><strong>quoque</strong></span> <span class='ocrx_word' id='word_1_60' title='bbox 862 1092 957 1160; x_wconf 90' lang='lat' dir='ltr'><strong>enim</strong></span> <span class='ocrx_word' id='word_1_61' title='bbox 983 1107 1217 1189; x_wconf 86' lang='lat' dir='ltr'><strong>prorogatum</strong></span> 
     </span>
     <span class='ocr_line' id='line_1_9' title="bbox 158 1197 1217 1296; baseline 0.004 -27"><span class='ocrx_word' id='word_1_62' title='bbox 158 1201 353 1296; x_wconf 88' lang='lat' dir='ltr'><strong>imperium</strong></span> <span class='ocrx_word' id='word_1_63' title='bbox 367 1197 438 1290; x_wconf 86' lang='lat' dir='ltr'><strong>est)</strong></span> <span class='ocrx_word' id='word_1_64' title='bbox 453 1197 620 1285; x_wconf 85' lang='lat' dir='ltr'><strong>classem,</strong></span> <span class='ocrx_word' id='word_1_65' title='bbox 635 1221 714 1293; x_wconf 73' lang='lat' dir='ltr'><strong>quse</strong></span> <span class='ocrx_word' id='word_1_66' title='bbox 728 1197 942 1270; x_wconf 87' lang='lat' dir='ltr'><strong>adSiciliam</strong></span> <span class='ocrx_word' id='word_1_67' title='bbox 961 1215 1052 1288; x_wconf 85' lang='lat' dir='ltr'><strong>erat,</strong></span> <span class='ocrx_word' id='word_1_68' title='bbox 1073 1204 1217 1272; x_wconf 89' lang='lat' dir='ltr'><strong>navium</strong></span> 
     </span>
     <span class='ocr_line' id='line_1_10' title="bbox 159 1306 1221 1409; baseline 0.002 -29"><span class='ocrx_word' id='word_1_69' title='bbox 159 1309 384 1407; x_wconf 79' lang='lat' dir='ltr'><strong>septuaginta</strong></span> <span class='ocrx_word' id='word_1_70' title='bbox 400 1306 582 1377; x_wconf 87' lang='lat' dir='ltr'><strong>obtineret</strong></span> <span class='ocrx_word' id='word_1_71' title='bbox 598 1333 605 1375; x_wconf 93' lang='lat'><strong>:</strong></span> <span class='ocrx_word' id='word_1_72' title='bbox 622 1307 771 1379; x_wconf 83' lang='lat' dir='ltr'><strong>adderet</strong></span> <span class='ocrx_word' id='word_1_73' title='bbox 784 1333 829 1378; x_wconf 90' lang='lat' dir='ltr'><strong>eo</strong></span> <span class='ocrx_word' id='word_1_74' title='bbox 844 1310 987 1405; x_wconf 83' lang='lat' dir='ltr'><strong>triginta</strong></span> <span class='ocrx_word' id='word_1_75' title='bbox 1001 1320 1124 1398; x_wconf 85' lang='lat' dir='ltr'><strong>naves,</strong></span> <span class='ocrx_word' id='word_1_76' title='bbox 1140 1330 1221 1409; x_wconf 82' lang='lat' dir='ltr'><strong>quae</strong></span> 
     </span>
     <span class='ocr_line' id='line_1_11' title="bbox 159 1417 1222 1516; baseline 0.002 -25"><span class='ocrx_word' id='word_1_77' title='bbox 159 1421 204 1491; x_wconf 86' lang='lat' dir='ltr'><strong>ad</strong></span> <span class='ocrx_word' id='word_1_78' title='bbox 221 1426 417 1490; x_wconf 86' lang='lat' dir='ltr'><strong>Tarentum</strong></span> <span class='ocrx_word' id='word_1_79' title='bbox 442 1419 562 1516; x_wconf 90' lang='lat' dir='ltr'><strong>priore</strong></span> <span class='ocrx_word' id='word_1_80' title='bbox 583 1443 680 1488; x_wconf 88' lang='lat' dir='ltr'><strong>anno</strong></span> <span class='ocrx_word' id='word_1_81' title='bbox 706 1417 881 1489; x_wconf 86' lang='lat' dir='ltr'><strong>fuerant:</strong></span> <span class='ocrx_word' id='word_1_82' title='bbox 912 1444 995 1490; x_wconf 90' lang='lat' dir='ltr'><strong>cum</strong></span> <span class='ocrx_word' id='word_1_83' title='bbox 1015 1445 1056 1491; x_wconf 90' lang='lat' dir='ltr'><strong>ea</strong></span> <span class='ocrx_word' id='word_1_84' title='bbox 1076 1436 1222 1494; x_wconf 88' lang='lat' dir='ltr'><strong>centum</strong></span> 
     </span>
     <span class='ocr_line' id='line_1_12' title="bbox 160 1526 1222 1626; baseline 0.003 -26"><span class='ocrx_word' id='word_1_85' title='bbox 160 1532 305 1600; x_wconf 84' lang='lat' dir='ltr'><strong>navium</strong></span> <span class='ocrx_word' id='word_1_86' title='bbox 323 1530 435 1600; x_wconf 88' lang='lat' dir='ltr'><strong>classe</strong></span> <span class='ocrx_word' id='word_1_87' title='bbox 447 1529 505 1615; x_wconf 79' lang='lat' dir='ltr'><strong>‚si</strong></span> <span class='ocrx_word' id='word_1_88' title='bbox 524 1526 708 1598; x_wconf 89' lang='lat' dir='ltr'><strong>videretur</strong></span> <span class='ocrx_word' id='word_1_89' title='bbox 724 1529 773 1613; x_wconf 88' lang='lat' dir='ltr'><strong>ei,</strong></span> <span class='ocrx_word' id='word_1_90' title='bbox 793 1528 993 1626; x_wconf 82' lang='lat' dir='ltr'><strong>praedatum</strong></span> <span class='ocrx_word' id='word_1_91' title='bbox 1010 1532 1048 1601; x_wconf 93' lang='lat' dir='ltr'><strong>in</strong></span> <span class='ocrx_word' id='word_1_92' title='bbox 1067 1531 1222 1604; x_wconf 82' lang='lat' dir='ltr'><strong>Africam</strong></span> 
     </span>
     <span class='ocr_line' id='line_1_13' title="bbox 160 1634 1221 1736; baseline 0.003 -27"><span class='ocrx_word' id='word_1_93' title='bbox 160 1634 349 1735; x_wconf 81' lang='lat' dir='ltr'><strong>trajiceret.</strong></span> <span class='ocrx_word' id='word_1_94' title='bbox 365 1644 457 1710; x_wconf 88' lang='lat' dir='ltr'><strong>EtP.</strong></span> <span class='ocrx_word' id='word_1_95' title='bbox 468 1638 643 1736; x_wconf 84' lang='lat' dir='ltr'><strong>Sulpici0,</strong></span> <span class='ocrx_word' id='word_1_96' title='bbox 658 1653 700 1707; x_wconf 91' lang='lat' dir='ltr'><strong>ut</strong></span> <span class='ocrx_word' id='word_1_97' title='bbox 709 1638 834 1709; x_wconf 87' lang='lat' dir='ltr'><strong>eadem</strong></span> <span class='ocrx_word' id='word_1_98' title='bbox 848 1639 958 1710; x_wconf 89' lang='lat' dir='ltr'><strong>classe</strong></span> <span class='ocrx_word' id='word_1_99' title='bbox 973 1641 1221 1713; x_wconf 86' lang='lat' dir='ltr'><strong>Macedoniam</strong></span> 
     </span>
     <span class='ocr_line' id='line_1_14' title="bbox 159 1732 1219 1849; baseline 0.004 -30"><span class='ocrx_word' id='word_1_100' title='bbox 159 1751 406 1847; x_wconf 80' lang='lat' dir='ltr'><strong>Graeciamque</strong></span> <span class='ocrx_word' id='word_1_101' title='bbox 421 1749 642 1845; x_wconf 88' lang='lat' dir='ltr'><strong>provinciam</strong></span> <span class='ocrx_word' id='word_1_102' title='bbox 658 1732 827 1839; x_wconf 85' lang='lat' dir='ltr'><strong>baberet,</strong></span> <span class='ocrx_word' id='word_1_103' title='bbox 849 1764 1084 1849; x_wconf 83' lang='lat' dir='ltr'><strong>prorogatum</strong></span> <span class='ocrx_word' id='word_1_104' title='bbox 1099 1754 1136 1822; x_wconf 90' lang='lat' dir='ltr'><strong>in</strong></span> <span class='ocrx_word' id='word_1_105' title='bbox 1157 1778 1219 1823; x_wconf 89' lang='lat' dir='ltr'><strong>an·</strong></span> 
     </span>
     <span class='ocr_line' id='line_1_15' title="bbox 158 1849 1219 1958; baseline 0.002 -28"><span class='ocrx_word' id='word_1_106' title='bbox 158 1882 246 1931; x_wconf 89' lang='lat' dir='ltr'><strong>num</strong></span> <span class='ocrx_word' id='word_1_107' title='bbox 272 1861 462 1958; x_wconf 89' lang='lat' dir='ltr'><strong>imperium</strong></span> <span class='ocrx_word' id='word_1_108' title='bbox 484 1853 551 1928; x_wconf 89' lang='lat' dir='ltr'><strong>est.</strong></span> <span class='ocrx_word' id='word_1_109' title='bbox 574 1862 629 1927; x_wconf 90' lang='lat' dir='ltr'><strong>De</strong></span> <span class='ocrx_word' id='word_1_110' title='bbox 654 1856 813 1945; x_wconf 83' lang='lat' dir='ltr'><strong>duabus,</strong></span> <span class='ocrx_word' id='word_1_111' title='bbox 837 1883 918 1954; x_wconf 85' lang='lat' dir='ltr'><strong>quae</strong></span> <span class='ocrx_word' id='word_1_112' title='bbox 936 1859 981 1928; x_wconf 88' lang='lat' dir='ltr'><strong>ad</strong></span> <span class='ocrx_word' id='word_1_113' title='bbox 1000 1849 1127 1952; x_wconf 86' lang='lat' dir='ltr'><strong>urbem</strong></span> <span class='ocrx_word' id='word_1_114' title='bbox 1146 1866 1219 1932; x_wconf 90' lang='lat' dir='ltr'><strong>Ro·</strong></span> 
     </span>
     <span class='ocr_line' id='line_1_16' title="bbox 157 1964 1219 2071; baseline 0.001 -32"><span class='ocrx_word' id='word_1_115' title='bbox 157 1994 254 2040; x_wconf 90' lang='lat' dir='ltr'><strong>mam</strong></span> <span class='ocrx_word' id='word_1_116' title='bbox 268 1968 429 2071; x_wconf 71' lang='lat' dir='ltr'><strong>inerant,</strong></span> <span class='ocrx_word' id='word_1_117' title='bbox 447 1964 651 2062; x_wconf 84' lang='lat' dir='ltr'><strong>legionibus</strong></span> <span class='ocrx_word' id='word_1_118' title='bbox 664 1966 754 2036; x_wconf 92' lang='lat' dir='ltr'><strong>nihil</strong></span> <span class='ocrx_word' id='word_1_119' title='bbox 769 1974 947 2065; x_wconf 77' lang='lat' dir='ltr'><strong>mutatum</strong></span> <span class='ocrx_word' id='word_1_120' title='bbox 966 1992 974 2036; x_wconf 73' lang='grc' dir='ltr'><strong><em>ε</em></strong></span> <span class='ocrx_word' id='word_1_121' title='bbox 991 1969 1219 2067; x_wconf 84' lang='lat' dir='ltr'><strong>supplemen-</strong></span> 
     </span>
     <span class='ocr_line' id='line_1_17' title="bbox 158 2074 1216 2177; baseline 0.001 -28"><span class='ocrx_word' id='word_1_122' title='bbox 158 2095 236 2152; x_wconf 90' lang='lat' dir='ltr'><strong>tum</strong></span> <span class='ocrx_word' id='word_1_123' title='bbox 246 2135 255 2164; x_wconf 83' lang='lat'><strong><em>‚</em></strong></span> <span class='ocrx_word' id='word_1_124' title='bbox 266 2104 341 2177; x_wconf 94' lang='lat' dir='ltr'><strong>quo</strong></span> <span class='ocrx_word' id='word_1_125' title='bbox 354 2101 448 2176; x_wconf 89' lang='lat' dir='ltr'><strong>opus</strong></span> <span class='ocrx_word' id='word_1_126' title='bbox 462 2089 570 2164; x_wconf 85' lang='lat' dir='ltr'><strong>esset,</strong></span> <span class='ocrx_word' id='word_1_127' title='bbox 584 2074 781 2147; x_wconf 88' lang='lat' dir='ltr'><strong>scriberent</strong></span> <span class='ocrx_word' id='word_1_128' title='bbox 794 2077 977 2166; x_wconf 85' lang='lat' dir='ltr'><strong>consules,</strong></span> <span class='ocrx_word' id='word_1_129' title='bbox 991 2079 1216 2176; x_wconf 87' lang='lat' dir='ltr'><strong>permissum.</strong></span> 
     </span>
     <span class='ocr_line' id='line_1_18' title="bbox 159 2184 1218 2287; baseline -0.003 -25"><span class='ocrx_word' id='word_1_130' title='bbox 159 2195 240 2263; x_wconf 89' lang='lat' dir='ltr'><strong>Una</strong></span> <span class='ocrx_word' id='word_1_131' title='bbox 254 2205 289 2262; x_wconf 90' lang='lat' dir='ltr'><strong>et</strong></span> <span class='ocrx_word' id='word_1_132' title='bbox 300 2189 426 2287; x_wconf 89' lang='lat' dir='ltr'><strong>viginti</strong></span> <span class='ocrx_word' id='word_1_133' title='bbox 442 2184 644 2282; x_wconf 82' lang='lat' dir='ltr'><strong>legionibus</strong></span> <span class='ocrx_word' id='word_1_134' title='bbox 654 2210 698 2257; x_wconf 91' lang='lat' dir='ltr'><strong>eo</strong></span> <span class='ocrx_word' id='word_1_135' title='bbox 713 2211 810 2256; x_wconf 90' lang='lat' dir='ltr'><strong>anno</strong></span> <span class='ocrx_word' id='word_1_136' title='bbox 824 2186 1012 2259; x_wconf 83' lang='lat' dir='ltr'><strong>defensum</strong></span> <span class='ocrx_word' id='word_1_137' title='bbox 1025 2191 1218 2287; x_wconf 89' lang='lat' dir='ltr'><strong>imperium</strong></span> 
     </span>
     <span class='ocr_line' id='line_1_19' title="bbox 73 2297 1219 2398; baseline -0.002 -25"><span class='ocrx_word' id='word_1_138' title='bbox 73 2372 76 2379; x_wconf 90' lang='grc'>,</span> <span class='ocrx_word' id='word_1_139' title='bbox 158 2323 349 2385; x_wconf 80' lang='lat' dir='ltr'><strong>romanum</strong></span> <span class='ocrx_word' id='word_1_140' title='bbox 361 2300 452 2370; x_wconf 15' lang='lat' dir='ltr'><strong>resti.</strong></span> <span class='ocrx_word' id='word_1_141' title='bbox 468 2303 514 2368; x_wconf 90' lang='lat' dir='ltr'><strong>Et</strong></span> <span class='ocrx_word' id='word_1_142' title='bbox 527 2302 562 2368; x_wconf 92' lang='lat' dir='ltr'><strong>P.</strong></span> <span class='ocrx_word' id='word_1_143' title='bbox 572 2298 710 2397; x_wconf 88' lang='lat' dir='ltr'><strong>Licinio</strong></span> <span class='ocrx_word' id='word_1_144' title='bbox 719 2301 814 2367; x_wconf 87' lang='lat' dir='ltr'><strong>Varo</strong></span> <span class='ocrx_word' id='word_1_145' title='bbox 828 2298 976 2394; x_wconf 76' lang='lat' dir='ltr'><strong>praetoii&#39;</strong></span> <span class='ocrx_word' id='word_1_146' title='bbox 987 2297 1096 2370; x_wconf 90' lang='lat' dir='ltr'><strong>Urbis</strong></span> <span class='ocrx_word' id='word_1_147' title='bbox 1109 2325 1219 2398; x_wconf 87' lang='lat' dir='ltr'><strong>nego-</strong></span> 
     </span>
     <span class='ocr_line' id='line_1_20' title="bbox 159 2407 1216 2511; baseline -0.001 -29"><span class='ocrx_word' id='word_1_148' title='bbox 159 2414 247 2490; x_wconf 83' lang='lat' dir='ltr'><strong>tium</strong></span> <span class='ocrx_word' id='word_1_149' title='bbox 264 2408 388 2511; x_wconf 87' lang='lat' dir='ltr'><strong>datum</strong></span> <span class='ocrx_word' id='word_1_150' title='bbox 399 2464 407 2494; x_wconf 89' lang='lat'><strong>‚</strong></span> <span class='ocrx_word' id='word_1_151' title='bbox 417 2419 465 2478; x_wconf 86' lang='lat' dir='ltr'><strong>&#39;u&#39;t</strong></span> <span class='ocrx_word' id='word_1_152' title='bbox 474 2412 583 2478; x_wconf 77' lang='lat' dir='ltr'><strong>na&#39;ves</strong></span> <span class='ocrx_word' id='word_1_153' title='bbox 597 2407 723 2504; x_wconf 78' lang='lat' dir='ltr'><strong>longas</strong></span> <span class='ocrx_word' id='word_1_154' title='bbox 735 2413 878 2504; x_wconf 80' lang='lat' dir='ltr'><strong>trr&#39;gr&#39;nta</strong></span> <span class='ocrx_word' id='word_1_155' title='bbox 894 2425 1030 2482; x_wconf 82' lang='lat' dir='ltr'><strong>veteres</strong></span> <span class='ocrx_word' id='word_1_156' title='bbox 1042 2413 1216 2506; x_wconf 82' lang='lat' dir='ltr'><strong>reficeret,</strong></span> 
     </span>
     <span class='ocr_line' id='line_1_21' title="bbox 158 2518 1218 2619; baseline -0.001 -26"><span class='ocrx_word' id='word_1_157' title='bbox 158 2546 242 2617; x_wconf 85' lang='lat' dir='ltr'><strong>quoe</strong></span> <span class='ocrx_word' id='word_1_158' title='bbox 265 2518 385 2619; x_wconf 59' lang='lat' dir='ltr'><strong>Ostidl</strong></span> <span class='ocrx_word' id='word_1_159' title='bbox 394 2536 515 2604; x_wconf 84' lang='lat' dir='ltr'><strong>erant,</strong></span> <span class='ocrx_word' id='word_1_160' title='bbox 539 2534 575 2588; x_wconf 88' lang='lat' dir='ltr'><strong>et</strong></span> <span class='ocrx_word' id='word_1_161' title='bbox 586 2523 719 2612; x_wconf 67' lang='lat' dir='ltr'><strong>viginti</strong></span> <span class='ocrx_word' id='word_1_162' title='bbox 732 2543 842 2588; x_wconf 78' lang='lat' dir='ltr'><strong>novas</strong></span> <span class='ocrx_word' id='word_1_163' title='bbox 862 2543 970 2588; x_wconf 82' lang='lat' dir='ltr'><strong>naves</strong></span> <span class='ocrx_word' id='word_1_164' title='bbox 984 2525 1089 2590; x_wconf 80' lang='lat' dir='ltr'><strong>sociis</strong></span> <span class='ocrx_word' id='word_1_165' title='bbox 1108 2546 1218 2592; x_wconf 81' lang='lat' dir='ltr'><strong>nava·</strong></span> 
     </span>
     <span class='ocr_line' id='line_1_22' title="bbox 159 2628 1216 2727; baseline 0.001 -27"><span class='ocrx_word' id='word_1_166' title='bbox 159 2631 251 2701; x_wconf 81' lang='lat' dir='ltr'><strong>libus</strong></span> <span class='ocrx_word' id='word_1_167' title='bbox 270 2630 451 2727; x_wconf 77' lang='lat' dir='ltr'><strong>impleret‚·</strong></span> <span class='ocrx_word' id='word_1_168' title='bbox 470 2645 510 2698; x_wconf 84' lang='lat' dir='ltr'><strong>ut</strong></span> <span class='ocrx_word' id='word_1_169' title='bbox 525 2630 790 2725; x_wconf 75' lang='lat' dir='ltr'><strong>quinquaginta</strong></span> <span class='ocrx_word' id='word_1_170' title='bbox 815 2634 961 2697; x_wconf 78' lang='lat' dir='ltr'><strong>navium</strong></span> <span class='ocrx_word' id='word_1_171' title='bbox 980 2628 1093 2699; x_wconf 82' lang='lat' dir='ltr'><strong>classe</strong></span> <span class='ocrx_word' id='word_1_172' title='bbox 1113 2656 1216 2700; x_wconf 85' lang='lat' dir='ltr'><strong>oram</strong></span> 
     </span>
     <span class='ocr_line' id='line_1_23' title="bbox 159 2732 1217 2836; baseline 0.002 -27"><span class='ocrx_word' id='word_1_173' title='bbox 159 2745 268 2810; x_wconf 73' lang='lat' dir='ltr'><strong>murts</strong></span> <span class='ocrx_word' id='word_1_174' title='bbox 285 2745 445 2808; x_wconf 82' lang='lat' dir='ltr'><strong>vicinam</strong></span> <span class='ocrx_word' id='word_1_175' title='bbox 464 2736 547 2806; x_wconf 80' lang='lat' dir='ltr'><strong>urbi</strong></span> <span class='ocrx_word' id='word_1_176' title='bbox 562 2761 726 2807; x_wconf 82' lang='lat' dir='ltr'><strong>romance</strong></span> <span class='ocrx_word' id='word_1_177' title='bbox 744 2743 836 2806; x_wconf 84' lang='lat' dir='ltr'><strong>tueri</strong></span> <span class='ocrx_word' id='word_1_178' title='bbox 849 2732 985 2833; x_wconf 77' lang='lat' dir='ltr'><strong>posset.</strong></span> <span class='ocrx_word' id='word_1_179' title='bbox 1011 2742 1048 2810; x_wconf 89' lang='lat' dir='ltr'><strong>C.</strong></span> <span class='ocrx_word' id='word_1_180' title='bbox 1068 2740 1217 2836; x_wconf 88' lang='lat' dir='ltr'><strong>Calpur·</strong></span> 
     </span>
     <span class='ocr_line' id='line_1_24' title="bbox 159 2847 1217 2946; baseline 0 -26"><span class='ocrx_word' id='word_1_181' title='bbox 159 2852 239 2920; x_wconf 88' lang='lat' dir='ltr'><strong>nins</strong></span> <span class='ocrx_word' id='word_1_182' title='bbox 251 2850 382 2919; x_wconf 85' lang='lat' dir='ltr'><strong>vetitus</strong></span> <span class='ocrx_word' id='word_1_183' title='bbox 396 2847 442 2917; x_wconf 92' lang='lat' dir='ltr'><strong>ab</strong></span> <span class='ocrx_word' id='word_1_184' title='bbox 457 2850 598 2918; x_wconf 88' lang='lat' dir='ltr'><strong>Arretio</strong></span> <span class='ocrx_word' id='word_1_185' title='bbox 619 2873 765 2919; x_wconf 88' lang='lat' dir='ltr'><strong>movere</strong></span> <span class='ocrx_word' id='word_1_186' title='bbox 784 2850 997 2932; x_wconf 81' lang='lat' dir='ltr'><strong>exercitum,</strong></span> <span class='ocrx_word' id='word_1_187' title='bbox 1015 2849 1082 2918; x_wconf 91' lang='lat' dir='ltr'><strong>nisi</strong></span> <span class='ocrx_word' id='word_1_188' title='bbox 1102 2872 1217 2946; x_wconf 90' lang='lat' dir='ltr'><strong>quum</strong></span> 
     </span>
     <span class='ocr_line' id='line_1_25' title="bbox 159 2954 1216 3055; baseline -0.002 -23"><span class='ocrx_word' id='word_1_189' title='bbox 159 2984 342 3032; x_wconf 87' lang='lat' dir='ltr'><strong>successor</strong></span> <span class='ocrx_word' id='word_1_190' title='bbox 357 2959 512 3028; x_wconf 86' lang='lat' dir='ltr'><strong>venisset</strong></span> <span class='ocrx_word' id='word_1_191' title='bbox 532 2985 540 3026; x_wconf 77' lang='grc' dir='ltr'><strong>ι</strong></span> <span class='ocrx_word' id='word_1_192' title='bbox 561 2957 655 3026; x_wconf 87' lang='lat' dir='ltr'><strong>idem</strong></span> <span class='ocrx_word' id='word_1_193' title='bbox 676 2972 711 3028; x_wconf 90' lang='lat' dir='ltr'><strong>et</strong></span> <span class='ocrx_word' id='word_1_194' title='bbox 727 2954 869 3030; x_wconf 93' lang='lat' dir='ltr'><strong>Tubulo</strong></span> <span class='ocrx_word' id='word_1_195' title='bbox 890 2956 1133 3055; x_wconf 83' lang='lat' dir='ltr'><strong>imperatum⁵</strong></span> <span class='ocrx_word' id='word_1_196' title='bbox 1144 3014 1153 3049; x_wconf 85' lang='lat'>‚</span> <span class='ocrx_word' id='word_1_197' title='bbox 1176 2973 1216 3030; x_wconf 87' lang='lat' dir='ltr'><strong>ut</strong></span> 
     </span>
     <span class='ocr_line' id='line_1_26' title="bbox 157 3061 1216 3167; baseline -0.004 -25"><span class='ocrx_word' id='word_1_198' title='bbox 157 3071 241 3142; x_wconf 89' lang='lat' dir='ltr'><strong>iude</strong></span> <span class='ocrx_word' id='word_1_199' title='bbox 249 3070 428 3167; x_wconf 90' lang='lat' dir='ltr'><strong>praecipue</strong></span> <span class='ocrx_word' id='word_1_200' title='bbox 439 3061 643 3153; x_wconf 80' lang='lat' dir='ltr'><strong>caveret‚ne</strong></span> <span class='ocrx_word' id='word_1_201' title='bbox 654 3092 828 3164; x_wconf 89' lang='lat' dir='ltr'><strong>quanova</strong></span> <span class='ocrx_word' id='word_1_202' title='bbox 835 3069 983 3138; x_wconf 89' lang='lat' dir='ltr'><strong>consilia</strong></span> <span class='ocrx_word' id='word_1_203' title='bbox 992 3085 1216 3167; x_wconf 87' lang='lat' dir='ltr'><strong>caperentur.</strong></span> 
     </span>
    </p>
   </div>
   <div class='ocr_carea' id='block_1_3' title="bbox 152 3250 1218 3947">
    <p class='ocr_par' dir='ltr' id='par_1_3' title="bbox 152 3250 1216 3551">
     <span class='ocr_line' id='line_1_27' title="bbox 157 3250 1215 3317; baseline 0.001 -17"><span class='ocrx_word' id='word_1_204' title='bbox 157 3255 261 3309; x_wconf 78' lang='lat' dir='ltr'><strong>decreti,</strong></span> <span class='ocrx_word' id='word_1_205' title='bbox 281 3253 348 3316; x_wconf 89' lang='lat' dir='ltr'><strong>quod</strong></span> <span class='ocrx_word' id='word_1_206' title='bbox 365 3251 428 3298; x_wconf 88' lang='lat' dir='ltr'><strong>nihil</strong></span> <span class='ocrx_word' id='word_1_207' title='bbox 445 3266 508 3314; x_wconf 84' lang='lat' dir='ltr'><strong>opus</strong></span> <span class='ocrx_word' id='word_1_208' title='bbox 527 3250 617 3306; x_wconf 84' lang='lat' dir='ltr'><strong>fuisse,</strong></span> <span class='ocrx_word' id='word_1_209' title='bbox 635 3266 666 3296; x_wconf 84' lang='lat' dir='ltr'><strong>ex</strong></span> <span class='ocrx_word' id='word_1_210' title='bbox 709 3262 751 3298; x_wconf 84' lang='lat' dir='ltr'><strong>vat</strong></span> <span class='ocrx_word' id='word_1_211' title='bbox 765 3251 867 3299; x_wconf 82' lang='lat' dir='ltr'><strong>Cssaub.</strong></span> <span class='ocrx_word' id='word_1_212' title='bbox 880 3251 912 3299; x_wconf 89' lang='lat' dir='ltr'><strong>ad</strong></span> <span class='ocrx_word' id='word_1_213' title='bbox 925 3252 1015 3317; x_wconf 82' lang='lat' dir='ltr'><strong>Polyb.</strong></span> <span class='ocrx_word' id='word_1_214' title='bbox 1030 3255 1054 3311; x_wconf 87' lang='lat'><strong>1,</strong></span> <span class='ocrx_word' id='word_1_215' title='bbox 1068 3255 1107 3301; x_wconf 70' lang='lat' dir='ltr'><strong>td.</strong></span> <span class='ocrx_word' id='word_1_216' title='bbox 1124 3250 1215 3301; x_wconf 85' lang='lat' dir='ltr'><strong>Dec&#39;em</strong></span> 
     </span>
     <span class='ocr_line' id='line_1_28' title="bbox 158 3329 1216 3396; baseline 0.002 -18"><span class='ocrx_word' id='word_1_217' title='bbox 158 3348 211 3396; x_wconf 89' lang='lat' dir='ltr'><strong>cap.</strong></span> <span class='ocrx_word' id='word_1_218' title='bbox 223 3347 236 3391; x_wconf 84' lang='lat'><em>7</em></span> <span class='ocrx_word' id='word_1_219' title='bbox 248 3331 405 3395; x_wconf 77' lang='lat' dir='ltr'><strong>intelligitur3</strong></span> <span class='ocrx_word' id='word_1_220' title='bbox 424 3330 664 3378; x_wconf 62' lang='lat' dir='ltr'><strong>&amp;everius—Im·</strong></span> <span class='ocrx_word' id='word_1_221' title='bbox 708 3329 793 3391; x_wconf 84' lang='lat' dir='ltr'><strong>primis</strong></span> <span class='ocrx_word' id='word_1_222' title='bbox 811 3329 880 3376; x_wconf 88' lang='lat' dir='ltr'><strong>libris</strong></span> <span class='ocrx_word' id='word_1_223' title='bbox 897 3329 946 3377; x_wconf 92' lang='lat' dir='ltr'><strong>hoc</strong></span> <span class='ocrx_word' id='word_1_224' title='bbox 964 3332 1002 3378; x_wconf 86' lang='lat' dir='ltr'><strong>vel</strong></span> <span class='ocrx_word' id='word_1_225' title='bbox 1022 3346 1155 3395; x_wconf 79' lang='lat' dir='ltr'><strong>nusquam,</strong></span> <span class='ocrx_word' id='word_1_226' title='bbox 1176 3333 1216 3380; x_wconf 78' lang='lat' dir='ltr'><strong>vel</strong></span> 
     </span>
     <span class='ocr_line' id='line_1_29' title="bbox 152 3408 1216 3474; baseline 0.002 -18"><span class='ocrx_word' id='word_1_227' title='bbox 152 3411 276 3474; x_wconf 75' lang='lat' dir='ltr'><strong>pleneme,</strong></span> <span class='ocrx_word' id='word_1_228' title='bbox 293 3409 386 3456; x_wconf 87' lang='lat' dir='ltr'><strong>seilicet</strong></span> <span class='ocrx_word' id='word_1_229' title='bbox 398 3409 615 3472; x_wconf 77' lang='lat' dir='ltr'><strong>Carthaginienses.</strong></span> <span class='ocrx_word' id='word_1_230' title='bbox 627 3433 663 3442; x_wconf 89' lang='lat'><strong>--</strong></span> <span class='ocrx_word' id='word_1_231' title='bbox 707 3419 771 3455; x_wconf 84' lang='lat' dir='ltr'><strong>certe</strong></span> <span class='ocrx_word' id='word_1_232' title='bbox 783 3422 837 3454; x_wconf 85' lang='lat' dir='ltr'><strong>raro</strong></span> <span class='ocrx_word' id='word_1_233' title='bbox 850 3408 978 3457; x_wconf 75' lang='lat' dir='ltr'><strong>adnotavit</strong></span> <span class='ocrx_word' id='word_1_234' title='bbox 990 3410 1089 3466; x_wconf 85' lang='lat' dir='ltr'><strong>Livius,</strong></span> <span class='ocrx_word' id='word_1_235' title='bbox 1105 3412 1150 3458; x_wconf 86' lang='lat' dir='ltr'><strong>etsi</strong></span> <span class='ocrx_word' id='word_1_236' title='bbox 1163 3421 1216 3458; x_wconf 89' lang='lat' dir='ltr'><strong>tum</strong></span> 
     </span>
     <span class='ocr_line' id='line_1_30' title="bbox 158 3487 1216 3551; baseline 0.003 -16"><span class='ocrx_word' id='word_1_237' title='bbox 158 3488 291 3543; x_wconf 61' lang='lat' dir='ltr'><strong>Obducta,</strong></span> <span class='ocrx_word' id='word_1_238' title='bbox 303 3499 329 3535; x_wconf 89' lang='lat' dir='ltr'><strong>ut</strong></span> <span class='ocrx_word' id='word_1_239' title='bbox 339 3487 472 3546; x_wconf 86' lang='lat' dir='ltr'><strong>obtineret,</strong></span> <span class='ocrx_word' id='word_1_240' title='bbox 484 3487 607 3534; x_wconf 85' lang='lat' dir='ltr'><strong>decretum</strong></span> <span class='ocrx_word' id='word_1_241' title='bbox 617 3495 661 3533; x_wconf 82' lang='lat' dir='ltr'><strong>est.</strong></span> <span class='ocrx_word' id='word_1_242' title='bbox 705 3501 771 3550; x_wconf 75' lang='lat' dir='ltr'><strong>steps</strong></span> <span class='ocrx_word' id='word_1_243' title='bbox 780 3501 878 3549; x_wconf 87' lang='lat' dir='ltr'><strong>quoque</strong></span> <span class='ocrx_word' id='word_1_244' title='bbox 891 3487 974 3550; x_wconf 86' lang='lat' dir='ltr'><strong>plures</strong></span> <span class='ocrx_word' id='word_1_245' title='bbox 984 3504 1058 3551; x_wconf 83' lang='lat' dir='ltr'><strong>quam</strong></span> <span class='ocrx_word' id='word_1_246' title='bbox 1066 3501 1171 3551; x_wconf 87' lang='lat' dir='ltr'><strong>quatuor</strong></span> <span class='ocrx_word' id='word_1_247' title='bbox 1181 3490 1216 3538; x_wconf 88' lang='lat' dir='ltr'><strong>le-</strong></span> 
     </span>
    </p>

    <p class='ocr_par' dir='ltr' id='par_1_4' title="bbox 155 3565 1218 3947">
     <span class='ocr_line' id='line_1_31' title="bbox 192 3565 1218 3632; baseline 0.003 -19"><span class='ocrx_word' id='word_1_248' title='bbox 192 3577 216 3624; x_wconf 71' lang='grc'><strong>4.</strong></span> <span class='ocrx_word' id='word_1_249' title='bbox 232 3569 286 3614; x_wconf 84' lang='lat' dir='ltr'><strong>Una</strong></span> <span class='ocrx_word' id='word_1_250' title='bbox 300 3578 325 3612; x_wconf 83' lang='lat' dir='ltr'><strong>et</strong></span> <span class='ocrx_word' id='word_1_251' title='bbox 334 3568 386 3632; x_wconf 71' lang='lat' dir='ltr'><strong>vig.</strong></span> <span class='ocrx_word' id='word_1_252' title='bbox 401 3567 532 3632; x_wconf 78' lang='lat' dir='ltr'><strong>legionibus</strong></span> <span class='ocrx_word' id='word_1_253' title='bbox 550 3582 578 3613; x_wconf 87' lang='lat' dir='ltr'><strong>eo</strong></span> <span class='ocrx_word' id='word_1_254' title='bbox 596 3581 662 3611; x_wconf 82' lang='lat' dir='ltr'><strong>anno</strong></span> <span class='ocrx_word' id='word_1_255' title='bbox 707 3566 802 3628; x_wconf 82' lang='lat' dir='ltr'><strong>giones,</strong></span> <span class='ocrx_word' id='word_1_256' title='bbox 816 3566 858 3628; x_wconf 87' lang='lat' dir='ltr'><strong>qui</strong></span> <span class='ocrx_word' id='word_1_257' title='bbox 869 3565 919 3613; x_wconf 90' lang='lat' dir='ltr'><strong>duo</strong></span> <span class='ocrx_word' id='word_1_258' title='bbox 927 3567 987 3625; x_wconf 86' lang='lat' dir='ltr'><strong>justi</strong></span> <span class='ocrx_word' id='word_1_259' title='bbox 1001 3569 1142 3616; x_wconf 88' lang='lat' dir='ltr'><strong>consulares</strong></span> <span class='ocrx_word' id='word_1_260' title='bbox 1151 3584 1218 3616; x_wconf 81' lang='lat' dir='ltr'><strong>exer·</strong></span> 
     </span>
     <span class='ocr_line' id='line_1_32' title="bbox 156 3644 1214 3711; baseline 0.003 -18"><span class='ocrx_word' id='word_1_261' title='bbox 156 3645 280 3711; x_wconf 71' lang='lat' dir='ltr'><strong>definiam</strong></span> <span class='ocrx_word' id='word_1_262' title='bbox 298 3645 422 3709; x_wconf 84' lang='lat' dir='ltr'><strong>imperium</strong></span> <span class='ocrx_word' id='word_1_263' title='bbox 439 3663 499 3693; x_wconf 77' lang='lat' dir='ltr'><strong>rom.</strong></span> <span class='ocrx_word' id='word_1_264' title='bbox 517 3656 552 3692; x_wconf 79' lang='lat' dir='ltr'><strong>est</strong></span> <span class='ocrx_word' id='word_1_265' title='bbox 569 3661 578 3691; x_wconf 91' lang='lat'><strong>.·</strong></span> <span class='ocrx_word' id='word_1_266' title='bbox 596 3665 608 3684; x_wconf 69' lang='grc' dir='ltr'><strong><em>κ</em></strong></span> <span class='ocrx_word' id='word_1_267' title='bbox 622 3647 663 3691; x_wconf 84' lang='lat' dir='ltr'><strong>Se·</strong></span> <span class='ocrx_word' id='word_1_268' title='bbox 708 3644 770 3692; x_wconf 85' lang='lat' dir='ltr'><strong>citus</strong></span> <span class='ocrx_word' id='word_1_269' title='bbox 783 3655 863 3701; x_wconf 86' lang='lat' dir='ltr'><strong>erant,</strong></span> <span class='ocrx_word' id='word_1_270' title='bbox 874 3645 976 3709; x_wconf 82' lang='lat' dir='ltr'><strong>scriptas</strong></span> <span class='ocrx_word' id='word_1_271' title='bbox 991 3655 1081 3696; x_wconf 83' lang='lat' dir='ltr'><strong>narrat.</strong></span> <span class='ocrx_word' id='word_1_272' title='bbox 1098 3647 1147 3695; x_wconf 86' lang='lat' dir='ltr'><strong>Sed</strong></span> <span class='ocrx_word' id='word_1_273' title='bbox 1160 3659 1214 3695; x_wconf 81' lang='lat' dir='ltr'><strong>tum</strong></span> 
     </span>
     <span class='ocr_line' id='line_1_33' title="bbox 156 3722 1214 3789; baseline 0.001 -16"><span class='ocrx_word' id='word_1_274' title='bbox 156 3737 240 3773; x_wconf 85' lang='lat' dir='ltr'><strong>natum</strong></span> <span class='ocrx_word' id='word_1_275' title='bbox 257 3736 315 3789; x_wconf 86' lang='lat' dir='ltr'><strong>post</strong></span> <span class='ocrx_word' id='word_1_276' title='bbox 333 3726 474 3773; x_wconf 80' lang='lat' dir='ltr'><strong>relationem</strong></span> <span class='ocrx_word' id='word_1_277' title='bbox 489 3724 519 3771; x_wconf 85' lang='lat' dir='ltr'><strong>de</strong></span> <span class='ocrx_word' id='word_1_278' title='bbox 530 3722 664 3788; x_wconf 81' lang='lat' dir='ltr'><strong>provinciis</strong></span> <span class='ocrx_word' id='word_1_279' title='bbox 707 3723 818 3771; x_wconf 87' lang='lat' dir='ltr'><strong>nondum</strong></span> <span class='ocrx_word' id='word_1_280' title='bbox 837 3723 892 3770; x_wconf 81' lang='lat' dir='ltr'><strong>allae</strong></span> <span class='ocrx_word' id='word_1_281' title='bbox 916 3724 1049 3787; x_wconf 74' lang='lat' dir='ltr'><strong>provinciae</strong></span> <span class='ocrx_word' id='word_1_282' title='bbox 1069 3738 1155 3785; x_wconf 84' lang='lat' dir='ltr'><strong>erant,</strong></span> <span class='ocrx_word' id='word_1_283' title='bbox 1168 3742 1214 3774; x_wconf 86' lang='lat' dir='ltr'><strong>nec</strong></span> 
     </span>
     <span class='ocr_line' id='line_1_34' title="bbox 155 3800 1215 3869; baseline 0.001 -17"><span class='ocrx_word' id='word_1_284' title='bbox 155 3804 375 3861; x_wconf 83' lang='lat' dir='ltr'><strong>solitumstatuere‚</strong></span> <span class='ocrx_word' id='word_1_285' title='bbox 389 3816 450 3867; x_wconf 88' lang='lat' dir='ltr'><strong>quot</strong></span> <span class='ocrx_word' id='word_1_286' title='bbox 456 3802 594 3866; x_wconf 87' lang='lat' dir='ltr'><strong>legionibus</strong></span> <span class='ocrx_word' id='word_1_287' title='bbox 603 3818 664 3866; x_wconf 89' lang='lat' dir='ltr'><strong>qao·</strong></span> <span class='ocrx_word' id='word_1_288' title='bbox 708 3813 746 3850; x_wconf 86' lang='lat' dir='ltr'><strong>tot</strong></span> <span class='ocrx_word' id='word_1_289' title='bbox 759 3802 830 3851; x_wconf 89' lang='lat' dir='ltr'><strong>simul</strong></span> <span class='ocrx_word' id='word_1_290' title='bbox 846 3802 925 3865; x_wconf 85' lang='lat' dir='ltr'><strong>copiis</strong></span> <span class='ocrx_word' id='word_1_291' title='bbox 943 3800 1034 3869; x_wconf 77' lang='lat' dir='ltr'><strong>bellum</strong></span> <span class='ocrx_word' id='word_1_292' title='bbox 1054 3805 1215 3867; x_wconf 75' lang='lat' dir='ltr'><strong>gerebatur.»</strong></span> 
     </span>
     <span class='ocr_line' id='line_1_35' title="bbox 156 3881 877 3947; baseline -0.004 -17"><span class='ocrx_word' id='word_1_293' title='bbox 156 3881 288 3947; x_wconf 52' lang='lat' dir='ltr'><strong>que‘snno</strong></span> <span class='ocrx_word' id='word_1_294' title='bbox 310 3882 414 3946; x_wconf 83' lang='lat' dir='ltr'><strong>gerenda</strong></span> <span class='ocrx_word' id='word_1_295' title='bbox 435 3888 497 3930; x_wconf 81' lang='lat' dir='ltr'><strong>esset</strong></span> <span class='ocrx_word' id='word_1_296' title='bbox 514 3881 662 3946; x_wconf 82' lang='lat' dir='ltr'><strong>respublica,</strong></span> <span class='ocrx_word' id='word_1_297' title='bbox 708 3881 829 3929; x_wconf 77' lang='lat' dir='ltr'><strong>Dulcius.</strong></span> <span class='ocrx_word' id='word_1_298' title='bbox 874 3897 877 3902; x_wconf 92' lang='lat'>·</span> 
     </span>
    </p>
   </div>
   <div class='ocr_carea' id='block_1_4' title="bbox 155 3959 1293 4025">
    <p class='ocr_par' dir='ltr' id='par_1_5' title="bbox 155 3959 1293 4025">
     <span class='ocr_line' id='line_1_36' title="bbox 155 3959 1293 4025; baseline 0.002 -17"><span class='ocrx_word' id='word_1_299' title='bbox 155 3963 230 4025; x_wconf 87' lang='lat' dir='ltr'><strong>idque</strong></span> <span class='ocrx_word' id='word_1_300' title='bbox 243 3963 339 4010; x_wconf 84' lang='lat' dir='ltr'><strong>Livium</strong></span> <span class='ocrx_word' id='word_1_301' title='bbox 355 3964 381 4008; x_wconf 86' lang='lat' dir='ltr'><strong>ln</strong></span> <span class='ocrx_word' id='word_1_302' title='bbox 394 3961 496 4020; x_wconf 77' lang='lat' dir='ltr'><strong>historia</strong></span> <span class='ocrx_word' id='word_1_303' title='bbox 513 3960 664 4024; x_wconf 78' lang='lat' dir='ltr'><strong>singulorum</strong></span> <span class='ocrx_word' id='word_1_304' title='bbox 717 3960 768 4007; x_wconf 53' lang='lat'><strong>¹5.</strong></span> <span class='ocrx_word' id='word_1_305' title='bbox 782 3960 851 4021; x_wconf 65' lang='lat' dir='ltr'><strong>Idem</strong></span> <span class='ocrx_word' id='word_1_306' title='bbox 860 3971 884 4006; x_wconf 84' lang='lat' dir='ltr'><strong>et</strong></span> <span class='ocrx_word' id='word_1_307' title='bbox 896 3960 987 4015; x_wconf 78' lang='lat' dir='ltr'><strong>Tubulo</strong></span> <span class='ocrx_word' id='word_1_308' title='bbox 999 3959 1156 4024; x_wconf 82' lang='lat' dir='ltr'><strong>imperatum,</strong></span> <span class='ocrx_word' id='word_1_309' title='bbox 1172 3964 1217 4010; x_wconf 86' lang='lat' dir='ltr'><strong>im·</strong></span> <span class='ocrx_word' id='word_1_310' title='bbox 1291 3981 1293 3985; x_wconf 91' lang='lat'>·</span> 
     </span>
    </p>
   </div>
   <div class='ocr_carea' id='block_1_5' title="bbox 154 4038 1221 4106">
    <p class='ocr_par' dir='ltr' id='par_1_6' title="bbox 154 4038 1221 4106">
     <span class='ocr_line' id='line_1_37' title="bbox 154 4038 1221 4106; baseline 0.005 -20"><span class='ocrx_word' id='word_1_311' title='bbox 154 4041 276 4090; x_wconf 74' lang='lat' dir='ltr'><strong>annornm</strong></span> <span class='ocrx_word' id='word_1_312' title='bbox 290 4042 419 4106; x_wconf 84' lang='lat' dir='ltr'><strong>diligenter</strong></span> <span class='ocrx_word' id='word_1_313' title='bbox 432 4041 562 4098; x_wconf 76' lang='lat' dir='ltr'><strong>adnotare,</strong></span> <span class='ocrx_word' id='word_1_314' title='bbox 581 4039 664 4087; x_wconf 80' lang='lat' dir='ltr'><strong>obser-</strong></span> <span class='ocrx_word' id='word_1_315' title='bbox 708 4053 749 4085; x_wconf 87' lang='lat' dir='ltr'><strong>mo</strong></span> <span class='ocrx_word' id='word_1_316' title='bbox 763 4038 853 4092; x_wconf 84' lang='lat' dir='ltr'><strong>eidem,</strong></span> <span class='ocrx_word' id='word_1_317' title='bbox 868 4039 921 4085; x_wconf 83' lang='lat' dir='ltr'><strong>scil.</strong></span> <span class='ocrx_word' id='word_1_318' title='bbox 934 4039 1080 4102; x_wconf 80' lang='lat' dir='ltr'><strong>Calpurnio,</strong></span> <span class='ocrx_word' id='word_1_319' title='bbox 1092 4053 1221 4106; x_wconf 77' lang='lat' dir='ltr'><strong>antequam</strong></span> 
     </span>
    </p>
   </div>
   <div class='ocr_carea' id='block_1_6' title="bbox 289 4126 1066 4195">
    <p class='ocr_par' dir='ltr' id='par_1_7' title="bbox 289 4126 1066 4195">
     <span class='ocr_line' id='line_1_38' title="bbox 289 4126 1066 4195; baseline 0 0"><span class='ocrx_word' id='word_1_320' title='bbox 289 4133 337 4195; x_wconf 81' lang='lat' dir='ltr'><strong>V.</strong></span> <span class='ocrx_word' id='word_1_321' title='bbox 1026 4126 1066 4195; x_wconf 88' lang='lat'><strong>18</strong></span> 
     </span>
    </p>
   </div>
   <div class='ocr_carea' id='block_1_7' title="bbox 0 0 1388 4574">
    <p class='ocr_par' dir='ltr' id='par_1_8' title="bbox 0 0 1388 4574">
     <span class='ocr_line' id='line_1_39' title="bbox 0 0 1388 4574; baseline 0 0"><span class='ocrx_word' id='word_1_322' title='bbox 0 0 1388 4574; x_wconf 95' lang='lat' dir='ltr'><strong> </strong></span> 
     </span>
    </p>
   </div>
  </div>
 </body>
</html>
