2768 4574
187 311 312 422 titt:
376 335 526 402 traua
555 333 715 402 xxvu.
743 335 847 402 oar.
875 334 1003 401 xtra.
1147 329 1219 411 313·

161 457 214 526 ria
241 480 362 553 pugna
388 453 523 539 fumat,
548 468 705 549 quatuor
728 453 851 539 occisi,
879 451 952 522 duo
977 454 1071 548 capti
1094 478 1101 520 :
1124 451 1218 523 circa

162 567 386 661 quingentos·
402 569 647 635 Romanorum
670 564 924 658 sociorumque
944 564 1098 632 victores
1122 563 1216 633 ceci-

163 671 332 745 derun13.
357 679 506 746 Postero
532 672 590 743 die
602 676 741 747 ‚Poenus
763 673 900 769 quievit
922 697 930 741 :
953 677 1157 767 Romanus,
1180 672 1218 741 in

163 787 273 855 aciem
285 786 397 882 copiis
411 785 564 869 eductis,
579 797 772 880 postquam
785 784 968 853 neminem
982 783 1081 876 signa
1096 795 1219 877 contra

163 892 292 966 efferre
305 895 412 982 vidit,
431 893 544 991 spolia
562 892 632 989 legi
647 918 818 964 caesorum
832 882 1009 977 hostium,
1024 905 1060 961 et
1071 914 1219 961 suorum

88 1079 90 1084 ,
163 1028 314 1100 corpora
327 1004 454 1075 collata
467 1006 505 1074 in
517 1028 633 1074 unum
643 1003 785 1099 sepeliri
795 1003 909 1098 jussit.
924 1002 1014 1073 Inde
1029 1003 1221 1098 insequen-

54 1194 56 1199 .
161 1110 261 1182 tibus
278 1114 457 1183 continuis
479 1112 607 1183 diebus
635 1112 774 1209 aliquot
796 1114 845 1183 ita
870 1114 999 1183 institit
1023 1113 1155 1208 portis,
1178 1125 1221 1181 ut

162 1246 277 1318 prope
295 1220 428 1293 inferre
447 1224 546 1318 signa
561 1221 766 1311 videretur3
785 1221 902 1293 donec
919 1218 1099 1293 Hannibal
1114 1220 1220 1291 tertia

161 1331 296 1426 vigilia,
315 1330 450 1403 crebris
460 1331 609 1429 ignibus
627 1330 959 1427 tabernaculisque,
974 1355 1053 1426 quae
1065 1354 1148 1427 pars
1164 1353 1220 1400 ca·

162 1453 321 1509 strorum
336 1440 382 1511 ad
404 1438 526 1511 hostes
546 1440 734 1538 vergebat,
752 1455 788 1512 et
812 1440 976 1512 Numidis
995 1441 1139 1538 paucis,
1156 1441 1221 1536 qui

162 1549 199 1617 iu
214 1549 307 1618 vallo
326 1552 511 1648 portisque
529 1575 566 1622 se
589 1549 842 1636 ostenderent,
865 1549 1015 1636 relictis,
1036 1546 1220 1646 profectus

160 1660 328 1755 Apuliam
347 1675 469 1757 petere
491 1661 675 1732 intenditl.
694 1660 766 1733 Ubi
784 1661 916 1746 illuxit,
938 1661 1107 1731 successit
1125 1658 1220 1729 vallo

162 1792 312 1839 romana
333 1771 445 1859 acies,
468 1785 504 1840 et
516 1771 679 1842 Numidae
698 1795 743 1842 ex
762 1773 962 1868 composito
984 1769 1163 1867 paulisper
1181 1770 1219 1840 in

161 1879 276 1973 portis
295 1903 331 1950 se
350 1881 517 1976 valloque
540 1896 783 1969 ostentavere,
802 1879 1036 1976 frustratique
1058 1880 1218 1975 aliquan·

163 1984 224 2055 diu
241 1987 379 2077 hostes,
402 1990 516 2060 citatis
531 1992 633 2086 equis
652 2015 781 2089 agmen
800 2015 946 2089 suorum
962 2004 1216 2086 assequuntur.
1239 2031 1242 2038 ·

144 2178 147 2182 Α
162 2096 311 2184 Consul,
326 2097 390 2168 ubi
402 2099 581 2170 silentium
597 2102 786 2186 incastris,
800 2116 836 2172 et
847 2125 895 2171 ne
908 2125 1042 2197 paucos
1055 2099 1219 2196 quidem,

162 2207 226 2302 qui
245 2210 360 2304 prima
374 2208 454 2281 luce
470 2208 806 2298 obambulaverant,
821 2226 924 2308 parte
942 2209 1014 2280 ulla
1031 2208 1219 2294 cernebat,

161 2315 304 2388 duobus
333 2319 517 2416 equitibus
544 2322 772 2418 speculatum
800 2323 837 2391 in
864 2336 977 2393 castra
1005 2320 1219 2418 praemissis,

160 2441 350 2524 postquam
371 2431 454 2500 satis
477 2444 555 2501 tuta
579 2433 701 2501 omnia
724 2456 799 2502 esse
818 2431 1046 2529 exploratum
1070 2444 1142 2518 est,
1167 2431 1218 2499 in·

159 2534 242 2606 ferri
257 2541 357 2636 signa
375 2541 498 2635 jussit,
521 2555 736 2638 tantumque
751 2541 802 2612 ibi
820 2556 1002 2626 moratus,
1020 2538 1107 2610 dum
1128 2539 1219 2610 mili-

159 2659 213 2715 tes
236 2647 454 2744 adpraedam
478 2651 704 2737 discurrunt,
731 2652 894 2747 receptui
915 2648 1048 2720 deinde
1068 2649 1218 2738 cecinit,

160 2753 349 2852 multoque
373 2773 456 2829 ante
481 2774 624 2830 noctem
652 2762 774 2858 copias
798 2759 953 2830 reduxit.
985 2765 1133 2830 Postero
1159 2758 1217 2830 die

159 2866 275 2962 prima
289 2866 369 2936 lnce
389 2866 589 2963 profectus,
610 2871 748 2966 magnis
766 2867 953 2938 itineribus
967 2866 1097 2937 famam
1112 2881 1148 2937 et
1163 2892 1219 2937 ve·

159 2977 260 3071 stigia
279 2977 427 3070 agminis
443 3002 617 3074 sequens,
640 2979 738 3048 haud
757 2979 885 3076 procul
899 2981 1058 3050 Venusia
1075 2978 1217 3050 hostem

160 3089 373 3183 assequitur.
395 3087 449 3157 Ibi
474 3113 621 3184 quoque
641 3088 876 3161 tumultuaria
904 3114 1025 3187 pugna
1050 3087 1137 3176 luit3
1159 3112 1216 3158 su·

158 3219 224 3292 pra
237 3195 312 3267 duo
330 3197 441 3267 millia
459 3203 655 3269 Poenorum
678 3223 765 3270 caesa
781 3227 788 3268 ε
804 3201 887 3272 inde
907 3202 1093 3272 nocturnis
1111 3223 1217 3269 mon-

157 3308 324 3402 tanisque
339 3307 528 3378 itineribus
542 3313 688 3397 Poenus,
700 3327 746 3380 ne
761 3309 881 3380 locum
897 3309 1082 3408 pugnandi
1100 3308 1219 3398 daret,

167 3525 170 3531 ·
194 3503 218 3548 3.
239 3503 311 3552 Circa
330 3504 458 3570 (circiter,
477 3518 506 3555 ut
523 3509 601 3567 XLV,
618 3505 665 3570 34)
708 3509 799 3562 tunTb
814 3509 880 3558 circa
897 3509 1041 3574 displicebat
1056 3508 1131 3557 vrak.
1147 3509 1217 3572 isque

157 3583 664 3643 Dllomanorums.victoresceciderunt:
707 3589 789 3652 plures
812 3590 884 3636 etiam
907 3591 1075 3638 Romanorum
1099 3587 1217 3636 cecidisse

157 3659 192 3707 ita
203 3661 340 3710 Put.Sicet
353 3661 423 3712 multi
432 3665 664 3723 ussedom
707 3667 829 3729 credebat.
855 3672 940 3733 Inepta
963 3659 988 3718 et
1008 3667 1126 3734 particuli
1149 3666 1215 3715 circa

157 3740 196 3795 D;
208 3738 273 3786 unde
288 3741 380 3789 Muret-
395 3759 444 3790 rar.
463 3744 529 3791 lectt.
544 3745 622 3803 avt,
635 3746 664 3804 8,
707 3758 793 3808 quarto
806 3747 872 3794 carui
883 3749 983 3807 juncta,
996 3759 1020 3796 ct
1032 3763 1083 3796 vox
1095 3746 1212 3803 victores,

155 3817 275 3882 putabat,
304 3835 350 3882 pro
376 3820 481 3869 victores
505 3821 564 3871 olim
589 3823 664 3872 fuine
707 3840 735 3871 nc
747 3825 869 3888 forteleg.
886 3825 981 3873 circiter
995 3825 1137 3891 quingentos
1155 3827 1184 3872 ll.
1193 3842 1214 3874 s.

156 3896 246 3944 VICTI
259 3907 283 3943 et
297 3897 346 3961 leg.
359 3899 474 3956 sexcenti.
489 3901 594 3964 Quidam
606 3902 664 3951 libri
709 3903 1213 3964 noeumane,h.a.0ccidemnr;1)oer.

158 3974 226 4025 Rom.
243 3991 292 4026 roc.
313 3976 413 4024 ducenti
428 3973 579 4038 ceciderunt,
592 3981 664 4045 prob.
745 3981 987 4045 4.,Apu1iamperere
998 3983 1114 4041 iamdiu
1123 3983 1173 4032 vid.
1182 3984 1215 4031 arl
1248 3973 1251 3980 ¹

156 4053 227 4101 (ἴτον.
241 4054 281 4102 cui
294 4071 344 4102 vox
357 4056 463 4105 victores
476 4058 666 4114 otioccvidebr·⁴
708 4061 885 4122 IV,19,n.r.
1272 4056 1279 4069 ’
