2768 4574
154 282 181 381 t,
193 281 216 380 ξς
232 291 277 386 3232
379 298 530 364 tarsun
559 298 720 365 xxvu.
734 297 736 301 ·
748 298 851 366 etr.
878 301 920 364 x.
1043 374 1054 379 N
1120 295 1189 381 245

128 447 201 519 que
216 420 261 490 ab
276 419 335 506 iis,
358 418 490 516 ecquid
507 416 635 487 milites
649 417 894 509 exformulu²
905 435 1061 518 puratos
1075 398 1189 489 Imbe-

129 534 231 602 rent?
245 529 579 628 Produodeviginti
594 529 747 600 coloniis
764 533 812 599 Μ.
827 529 994 600 Sextilius
1011 534 1038 598 F
1039 530 1190 628 regella-

128 667 199 712 nus
213 641 400 738 respondit
416 668 424 710 :
440 656 476 710 et
490 640 618 709 milites
634 665 682 709 ex
688 638 857 731 formula
866 655 1020 735 paratos
1035 664 1124 726 esse,
1141 656 1188 729 et,

128 759 162 822 si
170 753 341 850 pluribus
359 778 450 849 opus
469 767 577 839 esset,
590 752 719 850 plures
739 752 888 822 daturos
898 806 909 838 ,
935 766 989 836 et,
1012 751 1194 848 qut'dquid

129 863 234 933 uliud
245 871 438 961 imperaret
449 862 796 960 velletquepopulus
812 886 1004 947 romanus,
1021 867 1118 931 em'se
1128 862 1192 952 fu-

128 991 245 1045 cturos
264 1003 274 1044 :
292 976 346 1045 ud
363 974 406 1044 id
415 974 486 1044 sibi
502 999 619 1070 neque
637 998 721 1070 opes
742 973 879 1058 deesse,
900 977 1064 1041 animum
1082 976 1193 1039 etium

128 1109 319 1181 superesse.
349 1084 541 1171 Consules,
569 1081 637 1153 sibi
661 1107 790 1180 parum
816 1080 930 1152 videri
958 1077 1094 1178 praelati
1122 1104 1191 1176 pro

128 1195 259 1264 merito
282 1218 409 1264 eorum
428 1217 492 1264 sua
512 1219 601 1265 voce
626 1193 822 1264 collaudari
840 1218 922 1279 eos,
943 1192 1013 1262 nisi
1034 1191 1192 1262 universi

91 1361 92 1364 ,
128 1307 248 1373 Patres
268 1303 310 1374 iis
326 1303 364 1373 in
381 1303 479 1374 curia
497 1304 626 1400 gratias
647 1305 821 1402 egissent,
845 1303 948 1401 sequi
968 1303 1007 1372 in
1027 1316 1192 1372 senatum

127 1411 321 1507 jusserunt.
342 1418 511 1501 Senatus,
529 1438 640 1510 quam
659 1427 801 1511 poterat
821 1412 1102 1484 honoratissimo
1128 1410 1192 1480 de·
1249 1477 1252 1481 ,

129 1538 231 1593 creto
245 1524 455 1620 alloquutus
467 1547 548 1613 em,
562 1525 711 1595 mandat
721 1522 950 1610 consulibus,
964 1535 1007 1592 ut
1021 1520 1066 1591 ad
1081 1544 1195 1618 popu·

128 1633 206 1704 lum
221 1658 370 1731 quoque
388 1659 448 1705 eos
461 1633 723 1731 producerent,
736 1648 773 1706 et
789 1635 886 1705 inter
901 1633 1016 1703 multa
1025 1632 1092 1702 alia
1106 1655 1193 1728 prae-

129 1745 234 1831 clara,
243 1770 323 1841 quae
332 1747 417 1842 ipsis
426 1744 696 1842 majoribusque
711 1747 783 1816 suis
793 1747 1053 1842 praestitissent,
1067 1767 1193 1814 recens

129 1857 237 1926 etiam
256 1856 426 1926 meritum
445 1880 572 1926 eorum
588 1857 625 1926 in
639 1881 717 1927 rem
731 1855 917 1954 publicam
933 1876 1193 1926 commem-ora-

128 1979 223 2035 rent.
239 1969 293 2036 Ne
307 1989 407 2035 nunc
425 1966 574 2061 quidem
589 1981 671 2062 post
688 1980 744 2037 tot
760 1967 887 2039 saecula
901 1966 1084 2052 sileantur,
1100 1962 1195 2033 frau-

129 2073 308 2146 denturve
326 2075 432 2146 laude
452 2099 533 2163 sua,
551 2076 696 2171 ,Signini
709 2074 811 2146 luere
830 2091 866 2147 et
880 2074 1044 2147 Norbani
1060 2074 1194 2143 Saticu-

129 2185 276 2282 lanique
302 2199 338 2257 et
365 2186 573 2256 Brundisini
598 2201 635 2256 et
665 2187 865 2284 Fregellani
895 2199 931 2255 et
957 2185 1128 2255 Lucerini
1159 2197 1196 2254 et

130 2296 307 2366 Venusini
321 2309 358 2364 et
371 2294 539 2365 Hadriani
552 2309 588 2365 et
601 2296 758 2365 Firmani
772 2309 809 2367 et
819 2297 1082 2383 Ariminenses,
1099 2309 1134 2364 et
1148 2293 1194 2364 ab

130 2404 243 2475 altero
264 2401 374 2474 mari³
391 2405 559 2476 Pontiani
582 2419 618 2475 et
634 2407 838 2476 Paestani'et
858 2407 1005 2495 Cosani,
1025 2419 1062 2476 et
1078 2403 1196 2475 medi·
1273 2442 1275 2447 .

130 2515 286 2584 terranei
304 2516 548 2586 Beneventani
563 2529 600 2586 et
613 2517 801 2587 AEsernini.
812 2532 849 2587 et
865 2516 1043 2614 Spoletini
1060 2530 1097 2586 et
1115 2516 1196 2584 Pla-

131 2623 265 2691 centini
281 2637 318 2693 et
336 2627 611 2696 Cremonenses.
628 2630 765 2696 Harum
783 2626 1009 2696 coloniarum
1032 2623 1199 2694 subsidio

130 2744 209 2799 tum
225 2731 416 2828 imperium
432 2735 560 2831 populi
579 2738 720 2806 romani
738 2737 877 2821 stetit43
891 2736 1007 2831 iisque
1024 2737 1144 2830 gratiae
1160 2748 1197 2806 et

130 2841 168 2909 in
191 2854 338 2929 senatu,
362 2856 398 2910 et
422 2841 468 2910 ad
494 2843 672 2939 populum
694 2860 791 2915 actae.
816 2842 1019 2914 Duodecim
1046 2844 1196 2917 aliarum

132 2949 385 3053 coloniarum,
397 2975 477 3046 quae
496 2951 787 3046 detrectaverunt
806 2956 1021 3052 imperium,
1038 2955 1193 3025 mentio·

168 3177 191 3210 a.
200 3160 304 3224 Ecquid,
313 3176 381 3218 num,
388 3159 474 3208 milites
483 3176 515 3208 ea
517 3159 639 3227 formula,
686 3181 737 3229 quo
749 3166 834 3214 Livius
846 3167 973 3216 historiam
984 3183 1058 3215 suarna
1067 3166 1198 3214 scribebat.

131 3251 213 3303 pacto,
222 3240 276 3304 lege
287 3240 395 3299 fuderis,
400 3251 505 3303 paratos
514 3240 641 3298 habereut·
685 3246 765 3306 Quare
775 3246 904 3295 Creverius
913 3247 1016 3310 cogitat,
1027 3262 1059 3292 an
1067 3245 1108 3293 hic
1115 3245 1202 3315 γίνεαι·

131 3318 187 3366 vide
196 3320 261 3378 adl,
269 3336 298 3382 9,
309 3337 335 3369 n.
344 3322 368 3380 3,
380 3322 500 3381 οῑΧΧΙΙ,
512 3320 554 3381 67,
562 3338 588 3369 ιι.
601 3337 641 3369 ιι.
685 3322 791 3388 intelligi
802 3324 928 3373 debeant?
938 3328 984 3373 Eu.

131 3400 221 3445 -Pro
230 3401 323 3446 XVIII
331 3399 446 3457 coloniis,
458 3412 538 3457 recte3
549 3400 601 3447 vid.
609 3401 642 3448 ad
722 3403 745 3451 3.
754 3404 880 3451 Atatem
890 3403 961 3461 muri,
970 3403 1049 3451 infero
1057 3420 1099 3451 seu
1106 3407 1198 3463 Tusco,

132 3491 188 3538 cap.
196 3491 220 3537 9.
228 3477 315 3541 Neque
324 3495 380 3526 cum
391 3478 505 3527 Cluverio
516 3479 570 3528 tul.
581 3481 641 3540 Ant.
686 3497 729 3528 seu
736 3483 873 3549 Tyrrheno.
886 3483 926 3529 Illi
935 3482 978 3541 ad,
988 3493 1031 3530 ant
1042 3483 1146 3547 propius
1157 3500 1201 3530 su·-

132 3556 170 3612 11,
184 3570 282 3619 ηις.
292 3559 346 3618 480Ι
354 3558 402 3621 leg.
410 3558 559 3623 undeviginti
566 3576 575 3606 :
585 3575 642 3608 nan
686 3578 771 3625 perum
783 3578 827 3609 seu
840 3561 1008 3610 Hadriaticum
1022 3561 1144 3609 colebant.

132 3647 205 3691 mox,
219 3634 262 3680 ubi
279 3635 430 3684 coloniarum
448 3638 548 3685 nomina
562 3655 643 3687 recen·
722 3648 746 3696 4.
765 3640 920 3689 Coloniarum
941 3640 1048 3688 subsidio
1071 3640 1204 3703 imperium

132 3723 224 3771 sentus,
232 3711 327 3776 Signini
328 3713 402 3778 firere
410 3727 434 3763 et
443 3717 538 3765 Nolani
545 3728 570 3764 et
578 3719 642 3765 Nor*
686 3719 765 3776 stetis·
780 3720 838 3768 vide
849 3721 881 3769 ad
891 3723 928 3780 11,
942 3736 990 3783 29,
1002 3737 1027 3767 n.
1040 3736 1064 3780 7.
1079 3748 1115 3757 -
1129 3720 1197 3768 Atta-

133 3789 208 3848 barti,
224 3801 270 3837 etc.
285 3790 387 3840 delenda
402 3795 477 3842 verba
494 3807 519 3843 et
532 3797 639 3856 Notaui,
686 3799 1138 3864 rumcolouiarum;v.supraad1V‚
1152 3817 1195 3858 10,

133 3885 187 3933 quae
199 3869 230 3916 ah
241 3868 355 3917 omnibus
367 3872 430 3921 MSS
442 3873 575 3922 absunt—
583 3879 643 3925 Post
686 3896 711 3927 n.
724 3896 749 3928 ι.
763 3904 798 3916 -
812 3881 898 3944 Neque
911 3879 965 3928 illos
983 3879 1087 3936 dimitti,
1105 3880 1203 3928 scilicet

133 3959 170 3996 tot
186 3949 285 3998 sucum.
302 3950 378 3998 Paulo
393 3950 450 4014 plus
468 3953 568 4003 ducenti
584 3956 643 4004 anni
685 3959 789 4022 legatos,
805 3960 853 4008 uisi
866 3960 949 4024 potius
963 3959 1055 4024 legatos
1068 3960 1205 4022 legentum

133 4027 277 4078 effluxerant
296 4030 328 4078 ab
346 4029 396 4078 hoe
409 4042 520 4098 tempore
537 4037 568 4084 ad
582 4039 643 4087 illud
688 4040 810 4103 pro-illos.
