<?xml version="1.0" encoding="UTF-8"?>
<!DOCTYPE html PUBLIC "-//W3C//DTD XHTML 1.0 Transitional//EN"
    "http://www.w3.org/TR/xhtml1/DTD/xhtml1-transitional.dtd">
<html xmlns="http://www.w3.org/1999/xhtml" xml:lang="en" lang="en">
 <head>
  <title>
</title>
<meta http-equiv="Content-Type" content="text/html;charset=utf-8" />
  <meta name='ocr-system' content='tesseract 3.04.00' />
  <meta name='ocr-capabilities' content='ocr_page ocr_carea ocr_par ocr_line ocrx_word'/>
</head>
<body>
  <div class='ocr_page' id='page_1' title='image "./titusliviuspata04freigoog_0123.png"; bbox 0 0 2768 4574; ppageno 0'>
   <div class='ocr_carea' id='block_1_1' title="bbox 1073 316 1199 425">
    <p class='ocr_par' dir='ltr' id='par_1_1' title="bbox 1073 316 1199 425">
     <span class='ocr_line' id='line_1_1' title="bbox 1073 316 1199 357; baseline -0.016 0"><span class='ocrx_word' id='word_1_1' title='bbox 1073 320 1099 357; x_wconf 83' lang='grc' dir='ltr'><strong>Λ.</strong></span> <span class='ocrx_word' id='word_1_2' title='bbox 1111 316 1137 354; x_wconf 84' lang='lat' dir='ltr'><strong>C.</strong></span> <span class='ocrx_word' id='word_1_3' title='bbox 1152 331 1199 357; x_wconf 84' lang='lat' dir='ltr'><strong>au.</strong></span> 
     </span>
     <span class='ocr_line' id='line_1_2' title="bbox 1074 376 1198 425; baseline 0.024 -10"><span class='ocrx_word' id='word_1_4' title='bbox 1074 376 1102 415; x_wconf 88' lang='lat' dir='ltr'><strong>U.</strong></span> <span class='ocrx_word' id='word_1_5' title='bbox 1113 379 1136 419; x_wconf 84' lang='lat' dir='ltr'><strong>C.</strong></span> <span class='ocrx_word' id='word_1_6' title='bbox 1152 381 1198 425; x_wconf 74' lang='lat' dir='ltr'><strong>sar.</strong></span> 
     </span>
    </p>
   </div>
   <div class='ocr_carea' id='block_1_2' title="bbox 163 339 790 409">
    <p class='ocr_par' dir='ltr' id='par_1_2' title="bbox 163 339 790 409">
     <span class='ocr_line' id='line_1_3' title="bbox 163 339 790 409; baseline -0.003 -1"><span class='ocrx_word' id='word_1_7' title='bbox 163 339 227 409; x_wconf 77' lang='lat'><strong>116</strong></span> <span class='ocrx_word' id='word_1_8' title='bbox 580 339 619 406; x_wconf 88' lang='grc' dir='ltr'><strong>Τ.</strong></span> <span class='ocrx_word' id='word_1_9' title='bbox 652 339 790 407; x_wconf 88' lang='lat' dir='ltr'><strong>LIVII</strong></span> 
     </span>
    </p>
   </div>
   <div class='ocr_carea' id='block_1_3' title="bbox 158 458 1229 561">
    <p class='ocr_par' dir='ltr' id='par_1_3' title="bbox 158 458 1229 561">
     <span class='ocr_line' id='line_1_4' title="bbox 158 458 1229 561; baseline -0.001 -29"><span class='ocrx_word' id='word_1_10' title='bbox 158 464 279 561; x_wconf 88' lang='lat' dir='ltr'><strong>perior</strong></span> <span class='ocrx_word' id='word_1_11' title='bbox 291 484 440 531; x_wconf 87' lang='lat' dir='ltr'><strong>romana</strong></span> <span class='ocrx_word' id='word_1_12' title='bbox 452 482 509 528; x_wconf 88' lang='lat' dir='ltr'><strong>res</strong></span> <span class='ocrx_word' id='word_1_13' title='bbox 523 458 601 528; x_wconf 86' lang='lat' dir='ltr'><strong>luit.</strong></span> <span class='ocrx_word' id='word_1_14' title='bbox 619 462 848 544; x_wconf 82' lang='lat' dir='ltr'><strong>institutum,</strong></span> <span class='ocrx_word' id='word_1_15' title='bbox 866 473 907 528; x_wconf 93' lang='lat' dir='ltr'><strong>ut</strong></span> <span class='ocrx_word' id='word_1_16' title='bbox 922 458 1047 529; x_wconf 91' lang='lat' dir='ltr'><strong>velites</strong></span> <span class='ocrx_word' id='word_1_17' title='bbox 1059 459 1098 528; x_wconf 89' lang='lat' dir='ltr'><strong>in</strong></span> <span class='ocrx_word' id='word_1_18' title='bbox 1113 459 1229 557; x_wconf 85' lang='lat' dir='ltr'><strong>legio-</strong></span> 
     </span>
    </p>
   </div>
   <div class='ocr_carea' id='block_1_4' title="bbox 154 572 1230 1443">
    <p class='ocr_par' dir='ltr' id='par_1_4' title="bbox 156 572 1230 895">
     <span class='ocr_line' id='line_1_5' title="bbox 158 572 1229 670; baseline -0.001 -25"><span class='ocrx_word' id='word_1_19' title='bbox 158 576 267 651; x_wconf 86' lang='lat' dir='ltr'>nibus</span> <span class='ocrx_word' id='word_1_20' title='bbox 286 572 438 646; x_wconf 81' lang='lat' dir='ltr'><strong>essent⁶.</strong></span> <span class='ocrx_word' id='word_1_21' title='bbox 456 577 650 644; x_wconf 82' lang='lat' dir='ltr'><strong>Auctorem</strong></span> <span class='ocrx_word' id='word_1_22' title='bbox 667 573 831 670; x_wconf 88' lang='lat' dir='ltr'><strong>peditum</strong></span> <span class='ocrx_word' id='word_1_23' title='bbox 847 574 960 670; x_wconf 88' lang='lat' dir='ltr'><strong>equiti</strong></span> <span class='ocrx_word' id='word_1_24' title='bbox 975 574 1229 644; x_wconf 84' lang='lat' dir='ltr'><strong>immiscendo-</strong></span> 
     </span>
     <span class='ocr_line' id='line_1_6' title="bbox 156 683 1230 782; baseline -0.002 -25"><span class='ocrx_word' id='word_1_25' title='bbox 156 712 237 757; x_wconf 90' lang='lat' dir='ltr'><strong>rum</strong></span> <span class='ocrx_word' id='word_1_26' title='bbox 250 686 498 757; x_wconf 84' lang='lat' dir='ltr'><strong>centurionem</strong></span> <span class='ocrx_word' id='word_1_27' title='bbox 510 688 550 774; x_wconf 88' lang='lat' dir='ltr'><strong>Q.</strong></span> <span class='ocrx_word' id='word_1_28' title='bbox 561 686 738 754; x_wconf 68' lang='lat' dir='ltr'><strong>Naviumr</strong></span> <span class='ocrx_word' id='word_1_29' title='bbox 756 683 898 771; x_wconf 87' lang='lat' dir='ltr'><strong>ferunt,</strong></span> <span class='ocrx_word' id='word_1_30' title='bbox 915 684 1121 782; x_wconf 86' lang='lat' dir='ltr'>honorique</span> <span class='ocrx_word' id='word_1_31' title='bbox 1139 684 1230 757; x_wconf 84' lang='lat' dir='ltr'><strong>idei</strong></span> 
     </span>
     <span class='ocr_line' id='line_1_7' title="bbox 158 793 663 895; baseline -0.006 -27"><span class='ocrx_word' id='word_1_32' title='bbox 158 797 254 895; x_wconf 90' lang='lat' dir='ltr'><strong>apud</strong></span> <span class='ocrx_word' id='word_1_33' title='bbox 275 798 529 893; x_wconf 85' lang='lat' dir='ltr'>imperatorem</span> <span class='ocrx_word' id='word_1_34' title='bbox 544 793 663 865; x_wconf 87' lang='lat' dir='ltr'><strong>luisse.</strong></span> 
     </span>
    </p>

    <p class='ocr_par' dir='ltr' id='par_1_5' title="bbox 154 904 1230 1443">
     <span class='ocr_line' id='line_1_8' title="bbox 162 904 1230 1002; baseline 0.007 -32"><span class='ocrx_word' id='word_1_35' title='bbox 162 961 166 970; x_wconf 90' lang='lat'><em>.</em></span> <span class='ocrx_word' id='word_1_36' title='bbox 207 911 247 978; x_wconf 88' lang='lat' dir='ltr'><strong>V.</strong></span> <span class='ocrx_word' id='word_1_37' title='bbox 265 911 388 997; x_wconf 88' lang='lat' dir='ltr'><strong>Quum</strong></span> <span class='ocrx_word' id='word_1_38' title='bbox 402 907 440 974; x_wconf 88' lang='lat' dir='ltr'><strong>in</strong></span> <span class='ocrx_word' id='word_1_39' title='bbox 456 905 527 975; x_wconf 92' lang='lat' dir='ltr'><strong>hoc</strong></span> <span class='ocrx_word' id='word_1_40' title='bbox 545 919 638 975; x_wconf 91' lang='lat' dir='ltr'><strong>statu</strong></span> <span class='ocrx_word' id='word_1_41' title='bbox 659 904 704 974; x_wconf 86' lang='lat' dir='ltr'><strong>ad</strong></span> <span class='ocrx_word' id='word_1_42' title='bbox 724 910 885 1002; x_wconf 80' lang='lat' dir='ltr'>Capuam</span> <span class='ocrx_word' id='word_1_43' title='bbox 899 929 956 974; x_wconf 91' lang='lat' dir='ltr'><strong>res</strong></span> <span class='ocrx_word' id='word_1_44' title='bbox 971 918 1106 992; x_wconf 85' lang='lat' dir='ltr'><strong>essent,</strong></span> <span class='ocrx_word' id='word_1_45' title='bbox 1125 911 1230 976; x_wconf 89' lang='lat' dir='ltr'><strong>Hau·</strong></span> 
     </span>
     <span class='ocr_line' id='line_1_9' title="bbox 156 1014 1228 1115; baseline 0.003 -28"><span class='ocrx_word' id='word_1_46' title='bbox 156 1017 311 1088; x_wconf 83' lang='lat' dir='ltr'><strong>nibalern</strong></span> <span class='ocrx_word' id='word_1_47' title='bbox 327 1017 511 1086; x_wconf 88' lang='lat' dir='ltr'><strong>diversum</strong></span> <span class='ocrx_word' id='word_1_48' title='bbox 523 1017 709 1085; x_wconf 86' lang='lat' dir='ltr'><strong>tarentinae</strong></span> <span class='ocrx_word' id='word_1_49' title='bbox 725 1019 813 1086; x_wconf 89' lang='lat' dir='ltr'><strong>areis</strong></span> <span class='ocrx_word' id='word_1_50' title='bbox 827 1014 1011 1114; x_wconf 76' lang='lat' dir='ltr'><strong>potiundae</strong></span> <span class='ocrx_word' id='word_1_51' title='bbox 1020 1020 1228 1115; x_wconf 79' lang='lat' dir='ltr'>Capuaeque</span> 
     </span>
     <span class='ocr_line' id='line_1_10' title="bbox 154 1125 1228 1222; baseline -0.001 -23"><span class='ocrx_word' id='word_1_52' title='bbox 154 1125 353 1199; x_wconf 81' lang='lat' dir='ltr'><strong>retinendae</strong></span> <span class='ocrx_word' id='word_1_53' title='bbox 367 1126 562 1196; x_wconf 89' lang='lat' dir='ltr'><strong>trabebant</strong></span> <span class='ocrx_word' id='word_1_54' title='bbox 577 1137 705 1195; x_wconf 78' lang='lat' dir='ltr'><strong>curae1.</strong></span> <span class='ocrx_word' id='word_1_55' title='bbox 717 1128 810 1196; x_wconf 85' lang='lat' dir='ltr'><strong>Vicit</strong></span> <span class='ocrx_word' id='word_1_56' title='bbox 825 1140 946 1196; x_wconf 89' lang='lat' dir='ltr'><strong>tamen</strong></span> <span class='ocrx_word' id='word_1_57' title='bbox 961 1140 1145 1222; x_wconf 91' lang='lat' dir='ltr'><strong>respectus</strong></span> <span class='ocrx_word' id='word_1_58' title='bbox 1160 1132 1228 1198; x_wconf 88' lang='lat' dir='ltr'><strong>Ca·</strong></span> 
     </span>
     <span class='ocr_line' id='line_1_11' title="bbox 155 1236 1227 1335; baseline 0.002 -29"><span class='ocrx_word' id='word_1_59' title='bbox 155 1262 251 1335; x_wconf 84' lang='lat' dir='ltr'><strong>puae,</strong></span> <span class='ocrx_word' id='word_1_60' title='bbox 267 1239 305 1306; x_wconf 92' lang='lat' dir='ltr'><strong>in</strong></span> <span class='ocrx_word' id='word_1_61' title='bbox 320 1261 427 1331; x_wconf 84' lang='lat' dir='ltr'><strong>quarn</strong></span> <span class='ocrx_word' id='word_1_62' title='bbox 449 1237 611 1305; x_wconf 88' lang='lat' dir='ltr'><strong>omnium</strong></span> <span class='ocrx_word' id='word_1_63' title='bbox 629 1237 810 1306; x_wconf 86' lang='lat' dir='ltr'><strong>sociorum</strong></span> <span class='ocrx_word' id='word_1_64' title='bbox 827 1236 1060 1331; x_wconf 89' lang='lat' dir='ltr'><strong>hostiumque</strong></span> <span class='ocrx_word' id='word_1_65' title='bbox 1074 1261 1227 1308; x_wconf 92' lang='lat' dir='ltr'><strong>conver-</strong></span> 
     </span>
     <span class='ocr_line' id='line_1_12' title="bbox 154 1345 1227 1443; baseline -0.001 -25"><span class='ocrx_word' id='word_1_66' title='bbox 154 1374 211 1418; x_wconf 89' lang='lat' dir='ltr'><strong>sos</strong></span> <span class='ocrx_word' id='word_1_67' title='bbox 225 1345 369 1416; x_wconf 88' lang='lat' dir='ltr'><strong>videbat</strong></span> <span class='ocrx_word' id='word_1_68' title='bbox 385 1345 543 1435; x_wconf 88' lang='lat' dir='ltr'><strong>animos;</strong></span> <span class='ocrx_word' id='word_1_69' title='bbox 559 1346 781 1417; x_wconf 86' lang='lat' dir='ltr'><strong>documento</strong></span> <span class='ocrx_word' id='word_1_70' title='bbox 797 1345 927 1417; x_wconf 82' lang='lat' dir='ltr'><strong>futurae</strong></span> <span class='ocrx_word' id='word_1_71' title='bbox 938 1357 966 1434; x_wconf 77' lang='lat'><strong>²,</strong></span> <span class='ocrx_word' id='word_1_72' title='bbox 980 1347 1227 1443; x_wconf 86' lang='lat' dir='ltr'><strong>qualemcum-</strong></span> 
     </span>
    </p>
   </div>
   <div class='ocr_carea' id='block_1_5' title="bbox 154 1547 1252 1927">
    <p class='ocr_par' dir='ltr' id='par_1_6' title="bbox 154 1547 1252 1927">
     <span class='ocr_line' id='line_1_13' title="bbox 156 1547 1229 1609; baseline -0.004 -10"><span class='ocrx_word' id='word_1_73' title='bbox 156 1571 180 1599; x_wconf 90' lang='lat' dir='ltr'><strong>n.</strong></span> <span class='ocrx_word' id='word_1_74' title='bbox 193 1567 217 1600; x_wconf 82' lang='lat' dir='ltr'><strong>s.</strong></span> <span class='ocrx_word' id='word_1_75' title='bbox 226 1579 261 1587; x_wconf 79' lang='lat'>-</span> <span class='ocrx_word' id='word_1_76' title='bbox 274 1554 387 1598; x_wconf 82' lang='lat' dir='ltr'><strong>Romana</strong></span> <span class='ocrx_word' id='word_1_77' title='bbox 401 1567 438 1598; x_wconf 88' lang='lat' dir='ltr'><strong>res</strong></span> <span class='ocrx_word' id='word_1_78' title='bbox 447 1550 523 1597; x_wconf 75' lang='lat' dir='ltr'><strong>Dralr.</strong></span> <span class='ocrx_word' id='word_1_79' title='bbox 535 1566 548 1596; x_wconf 89' lang='lat' dir='ltr'><strong>e</strong></span> <span class='ocrx_word' id='word_1_80' title='bbox 558 1549 603 1596; x_wconf 73' lang='grc' dir='ltr'><strong>ΜΒ</strong></span> <span class='ocrx_word' id='word_1_81' title='bbox 613 1551 669 1595; x_wconf 80' lang='lat' dir='ltr'><strong>rut.</strong></span> <span class='ocrx_word' id='word_1_82' title='bbox 714 1547 787 1608; x_wconf 87' lang='lat' dir='ltr'><strong>hujus</strong></span> <span class='ocrx_word' id='word_1_83' title='bbox 797 1548 897 1595; x_wconf 89' lang='lat' dir='ltr'><strong>velitum</strong></span> <span class='ocrx_word' id='word_1_84' title='bbox 909 1547 978 1609; x_wconf 88' lang='lat' dir='ltr'><strong>equis</strong></span> <span class='ocrx_word' id='word_1_85' title='bbox 992 1557 1115 1593; x_wconf 80' lang='lat' dir='ltr'><strong>vectorum</strong></span> <span class='ocrx_word' id='word_1_86' title='bbox 1129 1549 1229 1609; x_wconf 81' lang='lat' dir='ltr'><strong>generis</strong></span> 
     </span>
     <span class='ocr_line' id='line_1_14' title="bbox 156 1626 1229 1696; baseline 0.001 -19"><span class='ocrx_word' id='word_1_87' title='bbox 156 1647 202 1696; x_wconf 89' lang='lat' dir='ltr'><strong>pro</strong></span> <span class='ocrx_word' id='word_1_88' title='bbox 213 1631 280 1694; x_wconf 81' lang='lat' dir='ltr'><strong>vulg.</strong></span> <span class='ocrx_word' id='word_1_89' title='bbox 295 1647 355 1677; x_wconf 83' lang='lat' dir='ltr'><strong>rom.</strong></span> <span class='ocrx_word' id='word_1_90' title='bbox 370 1630 441 1677; x_wconf 81' lang='lat' dir='ltr'><strong>acies.</strong></span> <span class='ocrx_word' id='word_1_91' title='bbox 714 1626 779 1674; x_wconf 91' lang='lat' dir='ltr'><strong>nulla</strong></span> <span class='ocrx_word' id='word_1_92' title='bbox 799 1639 856 1691; x_wconf 90' lang='lat' dir='ltr'><strong>post</strong></span> <span class='ocrx_word' id='word_1_93' title='bbox 876 1627 902 1674; x_wconf 91' lang='lat' dir='ltr'><strong>id</strong></span> <span class='ocrx_word' id='word_1_94' title='bbox 923 1639 1019 1690; x_wconf 86' lang='lat' dir='ltr'><strong>tempus</strong></span> <span class='ocrx_word' id='word_1_95' title='bbox 1036 1628 1129 1675; x_wconf 86' lang='lat' dir='ltr'><strong>mentio</strong></span> <span class='ocrx_word' id='word_1_96' title='bbox 1151 1627 1181 1678; x_wconf 84' lang='lat' dir='ltr'><strong>fit</strong></span> <span class='ocrx_word' id='word_1_97' title='bbox 1197 1630 1229 1677; x_wconf 88' lang='lat' dir='ltr'><strong>in</strong></span> 
     </span>
     <span class='ocr_line' id='line_1_15' title="bbox 189 1705 1228 1770; baseline -0.001 -13"><span class='ocrx_word' id='word_1_98' title='bbox 189 1711 213 1757; x_wconf 88' lang='grc'><strong>6.</strong></span> <span class='ocrx_word' id='word_1_99' title='bbox 228 1709 381 1764; x_wconf 77' lang='lat' dir='ltr'><strong>Institeram,</strong></span> <span class='ocrx_word' id='word_1_100' title='bbox 398 1719 426 1755; x_wconf 87' lang='lat' dir='ltr'><strong>ut</strong></span> <span class='ocrx_word' id='word_1_101' title='bbox 436 1707 522 1754; x_wconf 79' lang='lat' dir='ltr'><strong>velites</strong></span> <span class='ocrx_word' id='word_1_102' title='bbox 538 1706 561 1753; x_wconf 86' lang='lat' dir='ltr'><strong>in</strong></span> <span class='ocrx_word' id='word_1_103' title='bbox 575 1705 668 1770; x_wconf 71' lang='lat' dir='ltr'><strong>legione</strong></span> <span class='ocrx_word' id='word_1_104' title='bbox 714 1722 776 1754; x_wconf 89' lang='lat' dir='ltr'><strong>rom.</strong></span> <span class='ocrx_word' id='word_1_105' title='bbox 796 1706 905 1753; x_wconf 87' lang='lat' dir='ltr'><strong>historia.</strong></span> <span class='ocrx_word' id='word_1_106' title='bbox 927 1706 1017 1753; x_wconf 76' lang='lat' dir='ltr'><strong>Confer</strong></span> <span class='ocrx_word' id='word_1_107' title='bbox 1035 1707 1171 1770; x_wconf 81' lang='lat' dir='ltr'><strong>Schweigh.</strong></span> <span class='ocrx_word' id='word_1_108' title='bbox 1188 1708 1228 1756; x_wconf 76' lang='lat' dir='ltr'><strong>&#39;ad</strong></span> 
     </span>
     <span class='ocr_line' id='line_1_16' title="bbox 154 1785 1229 1850; baseline -0.001 -14"><span class='ocrx_word' id='word_1_109' title='bbox 154 1806 215 1836; x_wconf 86' lang='lat' dir='ltr'><strong>rom.</strong></span> <span class='ocrx_word' id='word_1_110' title='bbox 226 1800 320 1835; x_wconf 85' lang='lat' dir='ltr'><strong>essent:</strong></span> <span class='ocrx_word' id='word_1_111' title='bbox 329 1788 364 1834; x_wconf 88' lang='lat' dir='ltr'><strong>sio</strong></span> <span class='ocrx_word' id='word_1_112' title='bbox 376 1798 400 1834; x_wconf 90' lang='lat' dir='ltr'><strong>et</strong></span> <span class='ocrx_word' id='word_1_113' title='bbox 409 1788 491 1833; x_wconf 88' lang='lat' dir='ltr'><strong>Valer.</strong></span> <span class='ocrx_word' id='word_1_114' title='bbox 501 1788 570 1833; x_wconf 86' lang='lat' dir='ltr'><strong>Max.</strong></span> <span class='ocrx_word' id='word_1_115' title='bbox 584 1788 621 1841; x_wconf 91' lang='lat' dir='ltr'><strong>II,</strong></span> <span class='ocrx_word' id='word_1_116' title='bbox 637 1787 667 1846; x_wconf 84' lang='grc'><strong>3,</strong></span> <span class='ocrx_word' id='word_1_117' title='bbox 712 1785 800 1850; x_wconf 85' lang='lat' dir='ltr'>Polyb.</span> <span class='ocrx_word' id='word_1_118' title='bbox 812 1789 837 1841; x_wconf 86' lang='grc' dir='ltr'><strong>Ι,</strong></span> <span class='ocrx_word' id='word_1_119' title='bbox 858 1786 902 1843; x_wconf 81' lang='lat'><strong>33,</strong></span> <span class='ocrx_word' id='word_1_120' title='bbox 914 1797 939 1832; x_wconf 90' lang='lat' dir='ltr'><strong>et</strong></span> <span class='ocrx_word' id='word_1_121' title='bbox 947 1787 996 1842; x_wconf 87' lang='lat' dir='ltr'><strong>VI,</strong></span> <span class='ocrx_word' id='word_1_122' title='bbox 1007 1802 1038 1833; x_wconf 81' lang='lat' dir='ltr'><strong>aa</strong></span> <span class='ocrx_word' id='word_1_123' title='bbox 1046 1821 1053 1844; x_wconf 93' lang='lat'>‚</span> <span class='ocrx_word' id='word_1_124' title='bbox 1061 1803 1087 1834; x_wconf 83' lang='lat' dir='ltr'><strong>n.</strong></span> <span class='ocrx_word' id='word_1_125' title='bbox 1098 1803 1127 1844; x_wconf 81' lang='lat'><strong>2,</strong></span> <span class='ocrx_word' id='word_1_126' title='bbox 1137 1788 1178 1835; x_wconf 86' lang='lat' dir='ltr'><strong>cui</strong></span> <span class='ocrx_word' id='word_1_127' title='bbox 1186 1805 1229 1835; x_wconf 84' lang='lat' dir='ltr'><strong>as·</strong></span> 
     </span>
     <span class='ocr_line' id='line_1_17' title="bbox 154 1856 1252 1927; baseline 0.001 -13"><span class='ocrx_word' id='word_1_128' title='bbox 154 1885 179 1915; x_wconf 91' lang='lat' dir='ltr'><strong>n.</strong></span> <span class='ocrx_word' id='word_1_129' title='bbox 193 1870 222 1925; x_wconf 84' lang='lat'><strong>3,</strong></span> <span class='ocrx_word' id='word_1_130' title='bbox 241 1867 342 1913; x_wconf 86' lang='lat' dir='ltr'><strong>velitum</strong></span> <span class='ocrx_word' id='word_1_131' title='bbox 354 1882 425 1911; x_wconf 87' lang='lat' dir='ltr'><strong>usum</strong></span> <span class='ocrx_word' id='word_1_132' title='bbox 441 1881 470 1911; x_wconf 91' lang='lat' dir='ltr'><strong>eo</strong></span> <span class='ocrx_word' id='word_1_133' title='bbox 483 1864 548 1911; x_wconf 91' lang='lat' dir='ltr'><strong>bello</strong></span> <span class='ocrx_word' id='word_1_134' title='bbox 562 1856 675 1926; x_wconf 72' lang='lat' dir='ltr'><strong>primum&#39;</strong></span> <span class='ocrx_word' id='word_1_135' title='bbox 712 1866 804 1912; x_wconf 84' lang='lat' dir='ltr'><strong>sentior</strong></span> <span class='ocrx_word' id='word_1_136' title='bbox 819 1864 911 1912; x_wconf 85' lang='lat' dir='ltr'><strong>dicenti</strong></span> <span class='ocrx_word' id='word_1_137' title='bbox 929 1879 935 1912; x_wconf 91' lang='lat'>:</span> <span class='ocrx_word' id='word_1_138' title='bbox 955 1886 968 1904; x_wconf 80' lang='grc' dir='ltr'><strong>α</strong></span> <span class='ocrx_word' id='word_1_139' title='bbox 982 1865 1056 1927; x_wconf 86' lang='lat' dir='ltr'><strong>Quod</strong></span> <span class='ocrx_word' id='word_1_140' title='bbox 1067 1866 1188 1914; x_wconf 77' lang='lat' dir='ltr'><strong>Liviusb.</strong></span> <span class='ocrx_word' id='word_1_141' title='bbox 1206 1868 1225 1915; x_wconf 94' lang='lat' dir='ltr'><strong>l.</strong></span> <span class='ocrx_word' id='word_1_142' title='bbox 1249 1918 1252 1923; x_wconf 70' lang='grc'><strong>,</strong></span> 
     </span>
    </p>
   </div>
   <div class='ocr_carea' id='block_1_6' title="bbox 108 1943 670 3667">
    <p class='ocr_par' dir='ltr' id='par_1_7' title="bbox 108 1943 670 3667">
     <span class='ocr_line' id='line_1_18' title="bbox 108 1943 668 2010; baseline -0.013 -16"><span class='ocrx_word' id='word_1_143' title='bbox 108 1966 112 1979; x_wconf 79' lang='grc'><em>·</em></span> <span class='ocrx_word' id='word_1_144' title='bbox 155 1948 216 1994; x_wconf 81' lang='lat' dir='ltr'><strong>‹lieit</strong></span> <span class='ocrx_word' id='word_1_145' title='bbox 227 1956 350 2009; x_wconf 87' lang='lat' dir='ltr'><strong>repertum</strong></span> <span class='ocrx_word' id='word_1_146' title='bbox 362 1945 457 2010; x_wconf 84' lang='lat' dir='ltr'><strong>(confer</strong></span> <span class='ocrx_word' id='word_1_147' title='bbox 471 1943 502 1990; x_wconf 84' lang='lat' dir='ltr'><strong>ad</strong></span> <span class='ocrx_word' id='word_1_148' title='bbox 513 1944 606 2001; x_wconf 72' lang='lat' dir='ltr'><strong>XXX,</strong></span> <span class='ocrx_word' id='word_1_149' title='bbox 623 1943 668 1999; x_wconf 80' lang='lat'><strong>33,</strong></span> 
     </span>
     <span class='ocr_line' id='line_1_19' title="bbox 154 2023 668 2088; baseline -0.01 -16"><span class='ocrx_word' id='word_1_150' title='bbox 154 2043 181 2073; x_wconf 89' lang='lat' dir='ltr'><strong>n.</strong></span> <span class='ocrx_word' id='word_1_151' title='bbox 194 2023 225 2088; x_wconf 84' lang='lat'><strong>2)</strong></span> <span class='ocrx_word' id='word_1_152' title='bbox 238 2040 244 2073; x_wconf 86' lang='lat'>:</span> <span class='ocrx_word' id='word_1_153' title='bbox 259 2026 302 2087; x_wconf 91' lang='lat' dir='ltr'><strong>qui</strong></span> <span class='ocrx_word' id='word_1_154' title='bbox 315 2035 395 2072; x_wconf 86' lang='lat' dir='ltr'><strong>tamen</strong></span> <span class='ocrx_word' id='word_1_155' title='bbox 409 2023 497 2070; x_wconf 84' lang='lat' dir='ltr'><strong>diserte</strong></span> <span class='ocrx_word' id='word_1_156' title='bbox 513 2023 564 2083; x_wconf 85' lang='lat' dir='ltr'><strong>jam</strong></span> <span class='ocrx_word' id='word_1_157' title='bbox 577 2038 668 2068; x_wconf 86' lang='lat' dir='ltr'><strong>memo-</strong></span> 
     </span>
     <span class='ocr_line' id='line_1_20' title="bbox 156 2103 667 2162; baseline -0.006 -11"><span class='ocrx_word' id='word_1_158' title='bbox 156 2103 667 2162; x_wconf 72' lang='lat' dir='ltr'><strong>ranturxx1‚55;xxl11,29‚etxxlv‚</strong></span> 
     </span>
     <span class='ocr_line' id='line_1_21' title="bbox 158 2180 669 2245; baseline -0.008 -15"><span class='ocrx_word' id='word_1_159' title='bbox 158 2186 198 2238; x_wconf 74' lang='lat'><strong>34.</strong></span> <span class='ocrx_word' id='word_1_160' title='bbox 217 2184 262 2230; x_wconf 83' lang='lat' dir='ltr'><strong>llis</strong></span> <span class='ocrx_word' id='word_1_161' title='bbox 272 2184 353 2245; x_wconf 86' lang='lat' dir='ltr'><strong>itaque</strong></span> <span class='ocrx_word' id='word_1_162' title='bbox 366 2182 427 2228; x_wconf 87' lang='lat' dir='ltr'><strong>locis</strong></span> <span class='ocrx_word' id='word_1_163' title='bbox 438 2181 522 2228; x_wconf 79' lang='lat' dir='ltr'><strong>uelites</strong></span> <span class='ocrx_word' id='word_1_164' title='bbox 533 2197 577 2244; x_wconf 88' lang='lat' dir='ltr'><strong>per</strong></span> <span class='ocrx_word' id='word_1_165' title='bbox 590 2180 669 2244; x_wconf 87' lang='lat' dir='ltr'><strong>prole-</strong></span> 
     </span>
     <span class='ocr_line' id='line_1_22' title="bbox 156 2260 670 2327; baseline -0.002 -18"><span class='ocrx_word' id='word_1_166' title='bbox 156 2263 212 2327; x_wconf 87' lang='lat' dir='ltr'><strong>psin</strong></span> <span class='ocrx_word' id='word_1_167' title='bbox 229 2262 268 2308; x_wconf 86' lang='lat' dir='ltr'><strong>vel</strong></span> <span class='ocrx_word' id='word_1_168' title='bbox 281 2276 327 2325; x_wconf 90' lang='lat' dir='ltr'><strong>pro</strong></span> <span class='ocrx_word' id='word_1_169' title='bbox 343 2260 518 2322; x_wconf 86' lang='lat' dir='ltr'><strong>jaculatoribus</strong></span> <span class='ocrx_word' id='word_1_170' title='bbox 537 2261 586 2307; x_wconf 88' lang='lat' dir='ltr'><strong>dici</strong></span> <span class='ocrx_word' id='word_1_171' title='bbox 601 2271 670 2323; x_wconf 87' lang='lat' dir='ltr'><strong>puta·</strong></span> 
     </span>
     <span class='ocr_line' id='line_1_23' title="bbox 156 2339 667 2403; baseline -0.006 -15"><span class='ocrx_word' id='word_1_172' title='bbox 156 2342 215 2388; x_wconf 85' lang='lat' dir='ltr'><strong>bant</strong></span> <span class='ocrx_word' id='word_1_173' title='bbox 224 2340 316 2387; x_wconf 82' lang='lat' dir='ltr'><strong>Duker.</strong></span> <span class='ocrx_word' id='word_1_174' title='bbox 327 2339 359 2386; x_wconf 91' lang='lat' dir='ltr'><strong>ad</strong></span> <span class='ocrx_word' id='word_1_175' title='bbox 366 2341 444 2398; x_wconf 82' lang='lat' dir='ltr'><strong>XXI,</strong></span> <span class='ocrx_word' id='word_1_176' title='bbox 457 2339 499 2397; x_wconf 85' lang='lat'><strong>55,</strong></span> <span class='ocrx_word' id='word_1_177' title='bbox 507 2351 530 2386; x_wconf 91' lang='lat' dir='ltr'><strong>et</strong></span> <span class='ocrx_word' id='word_1_178' title='bbox 537 2340 603 2403; x_wconf 83' lang='lat' dir='ltr'><strong>Lips.</strong></span> <span class='ocrx_word' id='word_1_179' title='bbox 612 2340 667 2386; x_wconf 86' lang='lat' dir='ltr'><strong>Mil.</strong></span> 
     </span>
     <span class='ocr_line' id='line_1_24' title="bbox 156 2418 667 2478; baseline -0.004 -10"><span class='ocrx_word' id='word_1_180' title='bbox 156 2424 228 2468; x_wconf 87' lang='lat' dir='ltr'><strong>Rom.</strong></span> <span class='ocrx_word' id='word_1_181' title='bbox 243 2422 295 2477; x_wconf 89' lang='lat'><strong>111,</strong></span> <span class='ocrx_word' id='word_1_182' title='bbox 319 2434 329 2464; x_wconf 95' lang='lat'>1</span> <span class='ocrx_word' id='word_1_183' title='bbox 354 2429 378 2465; x_wconf 89' lang='lat' dir='ltr'><strong>et</strong></span> <span class='ocrx_word' id='word_1_184' title='bbox 392 2427 423 2478; x_wconf 98' lang='grc'><strong>4,</strong></span> <span class='ocrx_word' id='word_1_185' title='bbox 440 2429 465 2466; x_wconf 89' lang='lat' dir='ltr'><strong>et</strong></span> <span class='ocrx_word' id='word_1_186' title='bbox 477 2419 548 2466; x_wconf 79' lang='lat' dir='ltr'><strong>Arral.</strong></span> <span class='ocrx_word' id='word_1_187' title='bbox 563 2418 595 2466; x_wconf 88' lang='lat' dir='ltr'><strong>ad</strong></span> <span class='ocrx_word' id='word_1_188' title='bbox 613 2419 667 2466; x_wconf 85' lang='lat' dir='ltr'><strong>Mil.</strong></span> 
     </span>
     <span class='ocr_line' id='line_1_25' title="bbox 157 2497 668 2561; baseline -0.006 -14"><span class='ocrx_word' id='word_1_189' title='bbox 157 2504 229 2548; x_wconf 80' lang='lat' dir='ltr'><strong>Rom.</strong></span> <span class='ocrx_word' id='word_1_190' title='bbox 237 2501 288 2556; x_wconf 89' lang='grc' dir='ltr'>ΙΙΙ,</span> <span class='ocrx_word' id='word_1_191' title='bbox 302 2514 324 2556; x_wconf 92' lang='lat'><strong>1,</strong></span> <span class='ocrx_word' id='word_1_192' title='bbox 333 2513 390 2561; x_wconf 80' lang='lat' dir='ltr'><strong>pag.</strong></span> <span class='ocrx_word' id='word_1_193' title='bbox 401 2499 451 2552; x_wconf 74' lang='lat'><strong>426</strong></span> <span class='ocrx_word' id='word_1_194' title='bbox 463 2514 513 2560; x_wconf 89' lang='lat' dir='ltr'><strong>seq.</strong></span> <span class='ocrx_word' id='word_1_195' title='bbox 525 2497 567 2544; x_wconf 87' lang='lat' dir='ltr'><strong>ubi</strong></span> <span class='ocrx_word' id='word_1_196' title='bbox 577 2508 668 2553; x_wconf 88' lang='lat' dir='ltr'><strong>monet,</strong></span> 
     </span>
     <span class='ocr_line' id='line_1_26' title="bbox 157 2578 668 2637; baseline -0.008 -11"><span class='ocrx_word' id='word_1_197' title='bbox 157 2581 236 2626; x_wconf 88' lang='lat' dir='ltr'><strong>levem</strong></span> <span class='ocrx_word' id='word_1_198' title='bbox 249 2589 394 2624; x_wconf 85' lang='lat' dir='ltr'><strong>armaturam</strong></span> <span class='ocrx_word' id='word_1_199' title='bbox 402 2579 451 2637; x_wconf 86' lang='lat' dir='ltr'><strong>jam</strong></span> <span class='ocrx_word' id='word_1_200' title='bbox 461 2589 531 2624; x_wconf 89' lang='lat' dir='ltr'><strong>antea</strong></span> <span class='ocrx_word' id='word_1_201' title='bbox 544 2578 617 2624; x_wconf 84' lang='lat' dir='ltr'><strong>fuisse</strong></span> <span class='ocrx_word' id='word_1_202' title='bbox 626 2592 668 2623; x_wconf 78' lang='lat' dir='ltr'><strong>va·</strong></span> 
     </span>
     <span class='ocr_line' id='line_1_27' title="bbox 156 2657 668 2721; baseline -0.006 -17"><span class='ocrx_word' id='word_1_203' title='bbox 156 2661 239 2721; x_wconf 82' lang='lat' dir='ltr'><strong>risque</strong></span> <span class='ocrx_word' id='word_1_204' title='bbox 257 2658 308 2716; x_wconf 84' lang='lat' dir='ltr'><strong>ejus</strong></span> <span class='ocrx_word' id='word_1_205' title='bbox 327 2672 427 2719; x_wconf 82' lang='lat' dir='ltr'><strong>genera,</strong></span> <span class='ocrx_word' id='word_1_206' title='bbox 445 2657 564 2715; x_wconf 90' lang='lat' dir='ltr'><strong>rorarios,</strong></span> <span class='ocrx_word' id='word_1_207' title='bbox 583 2671 668 2702; x_wconf 85' lang='lat' dir='ltr'><strong>necen-</strong></span> 
     </span>
     <span class='ocr_line' id='line_1_28' title="bbox 156 2735 669 2797; baseline -0.006 -13"><span class='ocrx_word' id='word_1_208' title='bbox 156 2754 211 2793; x_wconf 85' lang='lat' dir='ltr'><strong>sos,</strong></span> <span class='ocrx_word' id='word_1_209' title='bbox 227 2735 377 2794; x_wconf 86' lang='lat' dir='ltr'><strong>funditores,</strong></span> <span class='ocrx_word' id='word_1_210' title='bbox 394 2736 553 2795; x_wconf 86' lang='lat' dir='ltr'><strong>jaculatores,</strong></span> <span class='ocrx_word' id='word_1_211' title='bbox 572 2735 669 2797; x_wconf 76' lang='lat' dir='ltr'><strong>sitgitta·</strong></span> 
     </span>
     <span class='ocr_line' id='line_1_29' title="bbox 157 2814 668 2878; baseline -0.006 -16"><span class='ocrx_word' id='word_1_212' title='bbox 157 2817 217 2873; x_wconf 87' lang='lat' dir='ltr'><strong>rios,</strong></span> <span class='ocrx_word' id='word_1_213' title='bbox 233 2833 261 2862; x_wconf 87' lang='lat' dir='ltr'><strong>ae</strong></span> <span class='ocrx_word' id='word_1_214' title='bbox 274 2827 358 2878; x_wconf 89' lang='lat' dir='ltr'><strong>postea</strong></span> <span class='ocrx_word' id='word_1_215' title='bbox 372 2815 530 2873; x_wconf 81' lang='lat' dir='ltr'><strong>ferentarius,</strong></span> <span class='ocrx_word' id='word_1_216' title='bbox 541 2814 600 2870; x_wconf 89' lang='lat' dir='ltr'><strong>tela,</strong></span> <span class='ocrx_word' id='word_1_217' title='bbox 614 2814 668 2859; x_wconf 86' lang='lat' dir='ltr'><strong>fun·</strong></span> 
     </span>
     <span class='ocr_line' id='line_1_30' title="bbox 158 2892 665 2958; baseline -0.008 -16"><span class='ocrx_word' id='word_1_218' title='bbox 158 2895 201 2942; x_wconf 85' lang='lat' dir='ltr'><strong>das</strong></span> <span class='ocrx_word' id='word_1_219' title='bbox 207 2906 231 2942; x_wconf 91' lang='lat' dir='ltr'><strong>et</strong></span> <span class='ocrx_word' id='word_1_220' title='bbox 238 2894 343 2958; x_wconf 85' lang='lat' dir='ltr'><strong>lapides,</strong></span> <span class='ocrx_word' id='word_1_221' title='bbox 351 2892 473 2958; x_wconf 63' lang='lat' dir='ltr'><strong>stererant,</strong></span> <span class='ocrx_word' id='word_1_222' title='bbox 484 2910 535 2940; x_wconf 89' lang='lat' dir='ltr'><strong>non</strong></span> <span class='ocrx_word' id='word_1_223' title='bbox 545 2903 665 2949; x_wconf 87' lang='lat' dir='ltr'><strong>tenentes;</strong></span> 
     </span>
     <span class='ocr_line' id='line_1_31' title="bbox 157 2972 667 3036; baseline -0.008 -16"><span class='ocrx_word' id='word_1_224' title='bbox 157 2991 223 3021; x_wconf 88' lang='lat' dir='ltr'><strong>nunc</strong></span> <span class='ocrx_word' id='word_1_225' title='bbox 240 2990 299 3020; x_wconf 88' lang='lat' dir='ltr'><strong>vero</strong></span> <span class='ocrx_word' id='word_1_226' title='bbox 317 2973 443 3020; x_wconf 88' lang='lat' dir='ltr'><strong>institutos</strong></span> <span class='ocrx_word' id='word_1_227' title='bbox 464 2972 550 3020; x_wconf 71' lang='lat' dir='ltr'><strong>Velius</strong></span> <span class='ocrx_word' id='word_1_228' title='bbox 568 2972 667 3036; x_wconf 86' lang='lat' dir='ltr'><strong>proprie</strong></span> 
     </span>
     <span class='ocr_line' id='line_1_32' title="bbox 158 3051 668 3114; baseline -0.004 -15"><span class='ocrx_word' id='word_1_229' title='bbox 158 3054 193 3099; x_wconf 89' lang='lat' dir='ltr'><strong>sie</strong></span> <span class='ocrx_word' id='word_1_230' title='bbox 210 3053 298 3100; x_wconf 86' lang='lat' dir='ltr'><strong>dictos.</strong></span> <span class='ocrx_word' id='word_1_231' title='bbox 313 3052 445 3099; x_wconf 88' lang='lat' dir='ltr'><strong>Enimvero</strong></span> <span class='ocrx_word' id='word_1_232' title='bbox 464 3064 548 3099; x_wconf 87' lang='lat' dir='ltr'><strong>nostro</strong></span> <span class='ocrx_word' id='word_1_233' title='bbox 560 3051 617 3098; x_wconf 91' lang='lat' dir='ltr'><strong>loco</strong></span> <span class='ocrx_word' id='word_1_234' title='bbox 629 3052 668 3114; x_wconf 83' lang='lat' dir='ltr'><strong>agi</strong></span> 
     </span>
     <span class='ocr_line' id='line_1_33' title="bbox 158 3130 667 3194; baseline -0.002 -16"><span class='ocrx_word' id='word_1_235' title='bbox 158 3132 255 3179; x_wconf 86' lang='lat' dir='ltr'><strong>videtur</strong></span> <span class='ocrx_word' id='word_1_236' title='bbox 271 3130 301 3177; x_wconf 89' lang='lat' dir='ltr'><strong>de</strong></span> <span class='ocrx_word' id='word_1_237' title='bbox 317 3131 432 3193; x_wconf 79' lang='lat' dir='ltr'><strong>singulari</strong></span> <span class='ocrx_word' id='word_1_238' title='bbox 449 3131 555 3194; x_wconf 87' lang='lat' dir='ltr'><strong>quodam</strong></span> <span class='ocrx_word' id='word_1_239' title='bbox 567 3132 667 3178; x_wconf 85' lang='lat' dir='ltr'><strong>velitum</strong></span> 
     </span>
     <span class='ocr_line' id='line_1_34' title="bbox 158 3210 669 3274; baseline -0.002 -16"><span class='ocrx_word' id='word_1_240' title='bbox 158 3227 245 3274; x_wconf 84' lang='lat' dir='ltr'><strong>genere</strong></span> <span class='ocrx_word' id='word_1_241' title='bbox 256 3222 280 3257; x_wconf 88' lang='lat' dir='ltr'><strong>et</strong></span> <span class='ocrx_word' id='word_1_242' title='bbox 290 3226 347 3268; x_wconf 87' lang='lat' dir='ltr'><strong>usu,</strong></span> <span class='ocrx_word' id='word_1_243' title='bbox 359 3211 410 3256; x_wconf 89' lang='lat' dir='ltr'><strong>scil.</strong></span> <span class='ocrx_word' id='word_1_244' title='bbox 422 3210 452 3257; x_wconf 88' lang='lat' dir='ltr'><strong>de</strong></span> <span class='ocrx_word' id='word_1_245' title='bbox 460 3210 582 3274; x_wconf 84' lang='lat' dir='ltr'><strong>peditibus</strong></span> <span class='ocrx_word' id='word_1_246' title='bbox 594 3211 669 3270; x_wconf 82' lang='lat' dir='ltr'><strong>equiti</strong></span> 
     </span>
     <span class='ocr_line' id='line_1_35' title="bbox 157 3287 667 3352; baseline 0 -15"><span class='ocrx_word' id='word_1_247' title='bbox 157 3287 332 3343; x_wconf 82' lang='lat' dir='ltr'><strong>immiscendis,</strong></span> <span class='ocrx_word' id='word_1_248' title='bbox 353 3290 434 3350; x_wconf 88' lang='lat' dir='ltr'><strong>quales</strong></span> <span class='ocrx_word' id='word_1_249' title='bbox 450 3304 522 3350; x_wconf 90' lang='lat' dir='ltr'><strong>supra</strong></span> <span class='ocrx_word' id='word_1_250' title='bbox 539 3287 667 3352; x_wconf 74' lang='lat' dir='ltr'><strong>descripsit</strong></span> 
     </span>
     <span class='ocr_line' id='line_1_36' title="bbox 157 3366 665 3428; baseline 0.004 -15"><span class='ocrx_word' id='word_1_251' title='bbox 157 3369 241 3413; x_wconf 89' lang='lat' dir='ltr'><strong>Livius</strong></span> <span class='ocrx_word' id='word_1_252' title='bbox 257 3378 282 3413; x_wconf 90' lang='lat' dir='ltr'><strong>et</strong></span> <span class='ocrx_word' id='word_1_253' title='bbox 296 3367 381 3413; x_wconf 79' lang='lat' dir='ltr'><strong>velites</strong></span> <span class='ocrx_word' id='word_1_254' title='bbox 404 3367 481 3424; x_wconf 87' lang='lat' dir='ltr'><strong>dixit,</strong></span> <span class='ocrx_word' id='word_1_255' title='bbox 500 3366 557 3428; x_wconf 86' lang='lat' dir='ltr'><strong>quia</strong></span> <span class='ocrx_word' id='word_1_256' title='bbox 575 3368 665 3426; x_wconf 86' lang='lat' dir='ltr'><strong>simile,</strong></span> 
     </span>
     <span class='ocr_line' id='line_1_37' title="bbox 158 3445 667 3510; baseline 0.002 -17"><span class='ocrx_word' id='word_1_257' title='bbox 158 3463 204 3493; x_wconf 87' lang='lat' dir='ltr'><strong>nee</strong></span> <span class='ocrx_word' id='word_1_258' title='bbox 215 3457 295 3493; x_wconf 86' lang='lat' dir='ltr'><strong>tamen</strong></span> <span class='ocrx_word' id='word_1_259' title='bbox 304 3446 375 3508; x_wconf 89' lang='lat' dir='ltr'><strong>plane</strong></span> <span class='ocrx_word' id='word_1_260' title='bbox 388 3445 451 3490; x_wconf 85' lang='lat' dir='ltr'><strong>idem</strong></span> <span class='ocrx_word' id='word_1_261' title='bbox 460 3445 506 3490; x_wconf 88' lang='lat' dir='ltr'><strong>fuit</strong></span> <span class='ocrx_word' id='word_1_262' title='bbox 515 3445 618 3493; x_wconf 85' lang='lat' dir='ltr'><strong>militum</strong></span> <span class='ocrx_word' id='word_1_263' title='bbox 629 3464 667 3510; x_wconf 77' lang='lat' dir='ltr'><strong>ge·</strong></span> 
     </span>
     <span class='ocr_line' id='line_1_38' title="bbox 158 3524 668 3573; baseline -0.002 0"><span class='ocrx_word' id='word_1_264' title='bbox 158 3543 204 3573; x_wconf 86' lang='lat' dir='ltr'><strong>nus</strong></span> <span class='ocrx_word' id='word_1_265' title='bbox 216 3540 222 3573; x_wconf 91' lang='lat'>:</span> <span class='ocrx_word' id='word_1_266' title='bbox 236 3542 292 3572; x_wconf 87' lang='lat' dir='ltr'><strong>nam</strong></span> <span class='ocrx_word' id='word_1_267' title='bbox 304 3525 387 3572; x_wconf 87' lang='lat' dir='ltr'><strong>eadem</strong></span> <span class='ocrx_word' id='word_1_268' title='bbox 398 3524 447 3568; x_wconf 88' lang='lat' dir='ltr'><strong>fere</strong></span> <span class='ocrx_word' id='word_1_269' title='bbox 457 3535 576 3571; x_wconf 83' lang='lat' dir='ltr'><strong>armatura</strong></span> <span class='ocrx_word' id='word_1_270' title='bbox 587 3527 617 3572; x_wconf 89' lang='lat' dir='ltr'><strong>iis</strong></span> <span class='ocrx_word' id='word_1_271' title='bbox 628 3527 668 3572; x_wconf 88' lang='lat' dir='ltr'><strong>tri-</strong></span> 
     </span>
     <span class='ocr_line' id='line_1_39' title="bbox 158 3601 665 3667; baseline 0 -16"><span class='ocrx_word' id='word_1_272' title='bbox 158 3605 254 3663; x_wconf 85' lang='lat' dir='ltr'><strong>buitur,</strong></span> <span class='ocrx_word' id='word_1_273' title='bbox 277 3604 392 3651; x_wconf 78' lang='lat' dir='ltr'><strong>velitares</strong></span> <span class='ocrx_word' id='word_1_274' title='bbox 418 3601 495 3648; x_wconf 79' lang='lat' dir='ltr'><strong>bastre</strong></span> <span class='ocrx_word' id='word_1_275' title='bbox 516 3615 540 3650; x_wconf 91' lang='lat' dir='ltr'><strong>et</strong></span> <span class='ocrx_word' id='word_1_276' title='bbox 561 3621 665 3667; x_wconf 84' lang='lat' dir='ltr'><strong>parmae,</strong></span> 
     </span>
    </p>
   </div>
   <div class='ocr_carea' id='block_1_7' title="bbox 711 1932 1256 3512">
    <p class='ocr_par' dir='ltr' id='par_1_8' title="bbox 712 1932 1256 2167">
     <span class='ocr_line' id='line_1_40' title="bbox 712 1932 1256 2010; baseline 0.013 -20"><span class='ocrx_word' id='word_1_277' title='bbox 712 1943 808 2004; x_wconf 86' lang='lat' dir='ltr'><strong>adjicit,</strong></span> <span class='ocrx_word' id='word_1_278' title='bbox 822 1943 848 1990; x_wconf 90' lang='lat' dir='ltr'><strong>id</strong></span> <span class='ocrx_word' id='word_1_279' title='bbox 858 1944 928 2006; x_wconf 86' lang='lat' dir='ltr'><strong>quale</strong></span> <span class='ocrx_word' id='word_1_280' title='bbox 937 1944 981 2002; x_wconf 88' lang='lat' dir='ltr'><strong>sit,</strong></span> <span class='ocrx_word' id='word_1_281' title='bbox 996 1961 1077 2007; x_wconf 89' lang='lat' dir='ltr'><strong>quove</strong></span> <span class='ocrx_word' id='word_1_282' title='bbox 1088 1946 1229 2010; x_wconf 79' lang='lat' dir='ltr'><strong>pertineat,</strong></span> <span class='ocrx_word' id='word_1_283' title='bbox 1251 1932 1256 1945; x_wconf 40' lang='grc' dir='ltr'>ι</span> 
     </span>
     <span class='ocr_line' id='line_1_41' title="bbox 712 2021 1228 2090; baseline 0.014 -21"><span class='ocrx_word' id='word_1_284' title='bbox 712 2023 764 2086; x_wconf 89' lang='lat' dir='ltr'><strong>ipse</strong></span> <span class='ocrx_word' id='word_1_285' title='bbox 775 2021 878 2082; x_wconf 89' lang='lat' dir='ltr'><strong>vlderit;</strong></span> <span class='ocrx_word' id='word_1_286' title='bbox 897 2024 970 2071; x_wconf 86' lang='lat' dir='ltr'><strong>nubis</strong></span> <span class='ocrx_word' id='word_1_287' title='bbox 982 2023 1047 2072; x_wconf 84' lang='lat' dir='ltr'><strong>baud</strong></span> <span class='ocrx_word' id='word_1_288' title='bbox 1060 2028 1117 2074; x_wconf 85' lang='lat' dir='ltr'><strong>satis</strong></span> <span class='ocrx_word' id='word_1_289' title='bbox 1129 2025 1228 2090; x_wconf 74' lang='lat' dir='ltr'><strong>liquere</strong></span> 
     </span>
     <span class='ocr_line' id='line_1_42' title="bbox 712 2101 888 2167; baseline -0.011 -19"><span class='ocrx_word' id='word_1_290' title='bbox 712 2101 865 2167; x_wconf 87' lang='lat' dir='ltr'><strong>profitemur.</strong></span> <span class='ocrx_word' id='word_1_291' title='bbox 876 2125 888 2146; x_wconf 75' lang='grc' dir='ltr'><strong>υ</strong></span> 
     </span>
    </p>

    <p class='ocr_par' dir='ltr' id='par_1_9' title="bbox 711 2182 1232 2722">
     <span class='ocr_line' id='line_1_43' title="bbox 749 2182 1229 2247; baseline 0.01 -19"><span class='ocrx_word' id='word_1_292' title='bbox 749 2199 773 2242; x_wconf 82' lang='lat'><strong>7.</strong></span> <span class='ocrx_word' id='word_1_293' title='bbox 793 2185 821 2244; x_wconf 83' lang='lat' dir='ltr'><strong>Q.</strong></span> <span class='ocrx_word' id='word_1_294' title='bbox 838 2182 956 2240; x_wconf 81' lang='lat' dir='ltr'><strong>Navium,</strong></span> <span class='ocrx_word' id='word_1_295' title='bbox 979 2201 1051 2247; x_wconf 84' lang='lat' dir='ltr'><strong>quem</strong></span> <span class='ocrx_word' id='word_1_296' title='bbox 1064 2184 1175 2232; x_wconf 74' lang='lat' dir='ltr'><strong>Naevium</strong></span> <span class='ocrx_word' id='word_1_297' title='bbox 1186 2185 1229 2233; x_wconf 80' lang='lat' dir='ltr'><strong>di-</strong></span> 
     </span>
     <span class='ocr_line' id='line_1_44' title="bbox 713 2263 1232 2329; baseline 0.01 -21"><span class='ocrx_word' id='word_1_298' title='bbox 713 2273 772 2309; x_wconf 88' lang='lat' dir='ltr'><strong>eunt</strong></span> <span class='ocrx_word' id='word_1_299' title='bbox 785 2265 868 2309; x_wconf 83' lang='lat' dir='ltr'><strong>Front.</strong></span> <span class='ocrx_word' id='word_1_300' title='bbox 879 2272 903 2310; x_wconf 92' lang='lat' dir='ltr'><strong>et</strong></span> <span class='ocrx_word' id='word_1_301' title='bbox 911 2264 993 2311; x_wconf 88' lang='lat' dir='ltr'><strong>Valer.</strong></span> <span class='ocrx_word' id='word_1_302' title='bbox 1004 2292 1036 2300; x_wconf 94' lang='lat'><em>-</em></span> <span class='ocrx_word' id='word_1_303' title='bbox 1048 2263 1190 2329; x_wconf 82' lang='lat' dir='ltr'><strong>Honorique</strong></span> <span class='ocrx_word' id='word_1_304' title='bbox 1199 2265 1232 2314; x_wconf 82' lang='lat' dir='ltr'><strong>id</strong></span> 
     </span>
     <span class='ocr_line' id='line_1_45' title="bbox 712 2342 1229 2408; baseline 0.01 -21"><span class='ocrx_word' id='word_1_305' title='bbox 712 2342 736 2388; x_wconf 87' lang='lat' dir='ltr'><strong>ei</strong></span> <span class='ocrx_word' id='word_1_306' title='bbox 747 2342 817 2404; x_wconf 79' lang='lat' dir='ltr'><strong>apud</strong></span> <span class='ocrx_word' id='word_1_307' title='bbox 825 2342 1092 2408; x_wconf 68' lang='lat' dir='ltr'><strong>irruperatoremfitisse:</strong></span> <span class='ocrx_word' id='word_1_308' title='bbox 1104 2345 1168 2397; x_wconf 79' lang='lat' dir='ltr'><strong>forte</strong></span> <span class='ocrx_word' id='word_1_309' title='bbox 1179 2345 1229 2392; x_wconf 81' lang='lat' dir='ltr'><strong>im-</strong></span> 
     </span>
     <span class='ocr_line' id='line_1_46' title="bbox 711 2422 1230 2489; baseline 0.017 -23"><span class='ocrx_word' id='word_1_310' title='bbox 711 2432 851 2483; x_wconf 84' lang='lat' dir='ltr'><strong>peratores,</strong></span> <span class='ocrx_word' id='word_1_311' title='bbox 864 2422 917 2469; x_wconf 88' lang='lat' dir='ltr'><strong>scil.</strong></span> <span class='ocrx_word' id='word_1_312' title='bbox 927 2422 1054 2470; x_wconf 87' lang='lat' dir='ltr'><strong>Claudium</strong></span> <span class='ocrx_word' id='word_1_313' title='bbox 1064 2423 1230 2489; x_wconf 83' lang='lat' dir='ltr'><strong>Fulviumque</strong></span> 
     </span>
     <span class='ocr_line' id='line_1_47' title="bbox 713 2501 1229 2566; baseline 0.016 -20"><span class='ocrx_word' id='word_1_314' title='bbox 713 2517 791 2559; x_wconf 77' lang='lat' dir='ltr'><strong>coss,</strong></span> <span class='ocrx_word' id='word_1_315' title='bbox 809 2501 851 2564; x_wconf 89' lang='lat' dir='ltr'><strong>qui</strong></span> <span class='ocrx_word' id='word_1_316' title='bbox 865 2503 973 2565; x_wconf 84' lang='lat' dir='ltr'>Capuam</span> <span class='ocrx_word' id='word_1_317' title='bbox 988 2502 1176 2566; x_wconf 71' lang='lat' dir='ltr'><strong>oppugnabant,</strong></span> <span class='ocrx_word' id='word_1_318' title='bbox 1198 2516 1229 2554; x_wconf 87' lang='lat' dir='ltr'><strong>nt</strong></span> 
     </span>
     <span class='ocr_line' id='line_1_48' title="bbox 713 2580 1229 2644; baseline 0.016 -19"><span class='ocrx_word' id='word_1_319' title='bbox 713 2580 771 2626; x_wconf 85' lang='lat' dir='ltr'><strong>dum</strong></span> <span class='ocrx_word' id='word_1_320' title='bbox 781 2580 936 2644; x_wconf 82' lang='lat' dir='ltr'><strong>imperatores</strong></span> <span class='ocrx_word' id='word_1_321' title='bbox 945 2583 1079 2628; x_wconf 83' lang='lat' dir='ltr'><strong>consuleret</strong></span> <span class='ocrx_word' id='word_1_322' title='bbox 1086 2584 1172 2642; x_wconf 79' lang='lat' dir='ltr'><strong>XXV,</strong></span> <span class='ocrx_word' id='word_1_323' title='bbox 1183 2587 1229 2633; x_wconf 84' lang='lat'><strong>18.</strong></span> 
     </span>
     <span class='ocr_line' id='line_1_49' title="bbox 713 2660 1174 2722; baseline 0.007 -16"><span class='ocrx_word' id='word_1_324' title='bbox 713 2660 804 2707; x_wconf 87' lang='lat' dir='ltr'><strong>Confer</strong></span> <span class='ocrx_word' id='word_1_325' title='bbox 816 2672 896 2707; x_wconf 84' lang='lat' dir='ltr'><strong>tamen</strong></span> <span class='ocrx_word' id='word_1_326' title='bbox 905 2661 936 2708; x_wconf 91' lang='lat' dir='ltr'><strong>ad</strong></span> <span class='ocrx_word' id='word_1_327' title='bbox 945 2662 1042 2719; x_wconf 80' lang='lat' dir='ltr'><strong>XXIV,</strong></span> <span class='ocrx_word' id='word_1_328' title='bbox 1052 2669 1098 2722; x_wconf 75' lang='lat'><strong>24,</strong></span> <span class='ocrx_word' id='word_1_329' title='bbox 1110 2678 1134 2708; x_wconf 90' lang='lat' dir='ltr'><strong>n.</strong></span> <span class='ocrx_word' id='word_1_330' title='bbox 1152 2679 1174 2709; x_wconf 93' lang='lat'><strong>1.</strong></span> 
     </span>
    </p>

    <p class='ocr_par' dir='ltr' id='par_1_10' title="bbox 711 2740 1232 3512">
     <span class='ocr_line' id='line_1_50' title="bbox 748 2740 1228 2793; baseline 0.01 -5"><span class='ocrx_word' id='word_1_331' title='bbox 748 2742 808 2788; x_wconf 73' lang='lat' dir='ltr'><strong>Car.</strong></span> <span class='ocrx_word' id='word_1_332' title='bbox 819 2742 850 2786; x_wconf 90' lang='lat' dir='ltr'><strong>V.</strong></span> <span class='ocrx_word' id='word_1_333' title='bbox 866 2758 886 2786; x_wconf 88' lang='lat'><strong>1.</strong></span> <span class='ocrx_word' id='word_1_334' title='bbox 898 2741 1058 2788; x_wconf 82' lang='lat' dir='ltr'><strong>Hannibalem</strong></span> <span class='ocrx_word' id='word_1_335' title='bbox 1068 2740 1198 2790; x_wconf 79' lang='lat' dir='ltr'><strong>diversam.</strong></span> <span class='ocrx_word' id='word_1_336' title='bbox 1206 2779 1228 2793; x_wconf 90' lang='lat'><strong>..</strong></span> 
     </span>
     <span class='ocr_line' id='line_1_51' title="bbox 713 2819 1229 2885; baseline 0.01 -20"><span class='ocrx_word' id='word_1_337' title='bbox 713 2819 843 2866; x_wconf 74' lang='lat' dir='ltr'><strong>trabebant</strong></span> <span class='ocrx_word' id='word_1_338' title='bbox 860 2836 938 2877; x_wconf 74' lang='lat' dir='ltr'><strong>curre,</strong></span> <span class='ocrx_word' id='word_1_339' title='bbox 963 2821 989 2866; x_wconf 92' lang='lat' dir='ltr'><strong>in</strong></span> <span class='ocrx_word' id='word_1_340' title='bbox 1006 2821 1112 2867; x_wconf 86' lang='lat' dir='ltr'><strong>diversas</strong></span> <span class='ocrx_word' id='word_1_341' title='bbox 1126 2833 1229 2885; x_wconf 85' lang='lat' dir='ltr'><strong>partes,</strong></span> 
     </span>
     <span class='ocr_line' id='line_1_52' title="bbox 711 2899 1230 2966; baseline 0.013 -22"><span class='ocrx_word' id='word_1_342' title='bbox 711 2899 760 2945; x_wconf 88' lang='lat' dir='ltr'><strong>huc</strong></span> <span class='ocrx_word' id='word_1_343' title='bbox 770 2911 794 2946; x_wconf 87' lang='lat' dir='ltr'><strong>et</strong></span> <span class='ocrx_word' id='word_1_344' title='bbox 803 2899 874 2955; x_wconf 85' lang='lat' dir='ltr'><strong>illue,</strong></span> <span class='ocrx_word' id='word_1_345' title='bbox 883 2900 965 2946; x_wconf 90' lang='lat' dir='ltr'><strong>animo</strong></span> <span class='ocrx_word' id='word_1_346' title='bbox 972 2899 1100 2947; x_wconf 82' lang='lat' dir='ltr'><strong>trahebant</strong></span> <span class='ocrx_word' id='word_1_347' title='bbox 1109 2899 1148 2966; x_wconf 90' lang='lat' dir='ltr'><strong>(nt</strong></span> <span class='ocrx_word' id='word_1_348' title='bbox 1156 2902 1230 2965; x_wconf 84' lang='lat' dir='ltr'><strong>apud</strong></span> 
     </span>
     <span class='ocr_line' id='line_1_53' title="bbox 713 2977 1231 3041; baseline 0.012 -17"><span class='ocrx_word' id='word_1_349' title='bbox 713 2979 773 3025; x_wconf 69' lang='lat' dir='ltr'><strong>Caes.</strong></span> <span class='ocrx_word' id='word_1_350' title='bbox 796 2980 823 3025; x_wconf 87' lang='lat' dir='ltr'><strong>B.</strong></span> <span class='ocrx_word' id='word_1_351' title='bbox 842 2978 872 3026; x_wconf 88' lang='lat' dir='ltr'><strong>G.</strong></span> <span class='ocrx_word' id='word_1_352' title='bbox 888 2981 908 3036; x_wconf 91' lang='lat'><strong>1,</strong></span> <span class='ocrx_word' id='word_1_353' title='bbox 921 2977 980 3041; x_wconf 68' lang='grc' dir='ltr'><strong>αι),</strong></span> <span class='ocrx_word' id='word_1_354' title='bbox 999 2978 1104 3038; x_wconf 79' lang='lat' dir='ltr'><strong>honest,</strong></span> <span class='ocrx_word' id='word_1_355' title='bbox 1119 2979 1231 3030; x_wconf 84' lang='lat' dir='ltr'><strong>dubium</strong></span> 
     </span>
     <span class='ocr_line' id='line_1_54' title="bbox 712 3057 1232 3122; baseline 0.012 -19"><span class='ocrx_word' id='word_1_356' title='bbox 712 3057 846 3104; x_wconf 87' lang='lat' dir='ltr'><strong>reddebant</strong></span> <span class='ocrx_word' id='word_1_357' title='bbox 860 3069 883 3104; x_wconf 88' lang='lat' dir='ltr'><strong>et</strong></span> <span class='ocrx_word' id='word_1_358' title='bbox 897 3059 1034 3116; x_wconf 82' lang='lat' dir='ltr'><strong>incertum,</strong></span> <span class='ocrx_word' id='word_1_359' title='bbox 1047 3058 1106 3120; x_wconf 88' lang='lat' dir='ltr'><strong>quid</strong></span> <span class='ocrx_word' id='word_1_360' title='bbox 1116 3059 1232 3122; x_wconf 85' lang='lat' dir='ltr'><strong>primum</strong></span> 
     </span>
     <span class='ocr_line' id='line_1_55' title="bbox 712 3137 1231 3189; baseline 0.012 -6"><span class='ocrx_word' id='word_1_361' title='bbox 712 3137 852 3184; x_wconf 87' lang='lat' dir='ltr'><strong>decerneret</strong></span> <span class='ocrx_word' id='word_1_362' title='bbox 867 3149 891 3184; x_wconf 90' lang='lat' dir='ltr'><strong>et</strong></span> <span class='ocrx_word' id='word_1_363' title='bbox 906 3148 1040 3184; x_wconf 71' lang='lat' dir='ltr'><strong>conaretur,</strong></span> <span class='ocrx_word' id='word_1_364' title='bbox 1051 3137 1090 3184; x_wconf 82' lang='lat' dir='ltr'><strong>sle</strong></span> <span class='ocrx_word' id='word_1_365' title='bbox 1105 3137 1231 3189; x_wconf 80' lang='lat' dir='ltr'><strong>diversum</strong></span> 
     </span>
     <span class='ocr_line' id='line_1_56' title="bbox 712 3216 1228 3281; baseline 0.01 -20"><span class='ocrx_word' id='word_1_366' title='bbox 712 3216 816 3262; x_wconf 78' lang='lat' dir='ltr'><strong>distrahi</strong></span> <span class='ocrx_word' id='word_1_367' title='bbox 828 3216 891 3263; x_wconf 78' lang='lat' dir='ltr'><strong>dixit</strong></span> <span class='ocrx_word' id='word_1_368' title='bbox 900 3217 976 3264; x_wconf 75' lang='lat' dir='ltr'><strong>Plaut.</strong></span> <span class='ocrx_word' id='word_1_369' title='bbox 987 3217 1064 3263; x_wconf 83' lang='lat' dir='ltr'><strong>Mero.</strong></span> <span class='ocrx_word' id='word_1_370' title='bbox 1072 3219 1109 3273; x_wconf 92' lang='grc' dir='ltr'><strong>ΙΙ,</strong></span> <span class='ocrx_word' id='word_1_371' title='bbox 1120 3225 1145 3274; x_wconf 93' lang='grc'><strong>4,</strong></span> <span class='ocrx_word' id='word_1_372' title='bbox 1156 3235 1184 3267; x_wconf 91' lang='lat' dir='ltr'><strong>n.</strong></span> <span class='ocrx_word' id='word_1_373' title='bbox 1193 3236 1228 3281; x_wconf 79' lang='lat'><strong>²3</strong></span> 
     </span>
     <span class='ocr_line' id='line_1_57' title="bbox 711 3295 1229 3359; baseline 0.015 -19"><span class='ocrx_word' id='word_1_374' title='bbox 711 3295 855 3342; x_wconf 75' lang='lat' dir='ltr'><strong>distrahor:</strong></span> <span class='ocrx_word' id='word_1_375' title='bbox 869 3307 919 3341; x_wconf 77' lang='lat' dir='ltr'><strong>tram</strong></span> <span class='ocrx_word' id='word_1_376' title='bbox 933 3295 978 3342; x_wconf 76' lang='lat' dir='ltr'><strong>boe</strong></span> <span class='ocrx_word' id='word_1_377' title='bbox 993 3295 1229 3359; x_wconf 62' lang='lat' dir='ltr'><strong>interpolamus,</strong></span> 
     </span>
     <span class='ocr_line' id='line_1_58' title="bbox 711 3375 1228 3439; baseline 0.008 -19"><span class='ocrx_word' id='word_1_378' title='bbox 711 3385 761 3420; x_wconf 88' lang='lat' dir='ltr'><strong>tum</strong></span> <span class='ocrx_word' id='word_1_379' title='bbox 776 3375 838 3421; x_wconf 85' lang='lat' dir='ltr'><strong>illud</strong></span> <span class='ocrx_word' id='word_1_380' title='bbox 847 3375 952 3433; x_wconf 79' lang='lat' dir='ltr'><strong>uidetur,</strong></span> <span class='ocrx_word' id='word_1_381' title='bbox 966 3377 1017 3423; x_wconf 90' lang='lat' dir='ltr'><strong>Cic.</strong></span> <span class='ocrx_word' id='word_1_382' title='bbox 1027 3376 1104 3424; x_wconf 82' lang='lat' dir='ltr'><strong>Aead.</strong></span> <span class='ocrx_word' id='word_1_383' title='bbox 1119 3378 1164 3434; x_wconf 86' lang='lat' dir='ltr'><strong>IV,</strong></span> <span class='ocrx_word' id='word_1_384' title='bbox 1178 3387 1228 3439; x_wconf 82' lang='grc'><strong>44;</strong></span> 
     </span>
     <span class='ocr_line' id='line_1_59' title="bbox 711 3453 1231 3512; baseline 0.019 -14"><span class='ocrx_word' id='word_1_385' title='bbox 711 3453 787 3499; x_wconf 82' lang='lat' dir='ltr'><strong>dividi</strong></span> <span class='ocrx_word' id='word_1_386' title='bbox 796 3453 838 3500; x_wconf 83' lang='lat' dir='ltr'><strong>sil.</strong></span> <span class='ocrx_word' id='word_1_387' title='bbox 847 3455 878 3511; x_wconf 92' lang='lat' dir='ltr'><strong>V,</strong></span> <span class='ocrx_word' id='word_1_388' title='bbox 893 3454 1007 3512; x_wconf 79' lang='lat' dir='ltr'><strong>102,ubi</strong></span> <span class='ocrx_word' id='word_1_389' title='bbox 1020 3456 1076 3502; x_wconf 86' lang='lat' dir='ltr'><strong>vide</strong></span> <span class='ocrx_word' id='word_1_390' title='bbox 1083 3467 1136 3503; x_wconf 88' lang='lat' dir='ltr'><strong>not.</strong></span> <span class='ocrx_word' id='word_1_391' title='bbox 1149 3458 1231 3508; x_wconf 85' lang='lat' dir='ltr'><strong>Conf.</strong></span> 
     </span>
    </p>
   </div>
   <div class='ocr_carea' id='block_1_8' title="bbox 700 3532 1230 3593">
    <p class='ocr_par' dir='ltr' id='par_1_11' title="bbox 700 3532 1230 3593">
     <span class='ocr_line' id='line_1_60' title="bbox 700 3532 1230 3593; baseline 0.023 -18"><span class='ocrx_word' id='word_1_392' title='bbox 700 3532 779 3593; x_wconf 80' lang='lat' dir='ltr'><strong>Virg.</strong></span> <span class='ocrx_word' id='word_1_393' title='bbox 793 3535 848 3578; x_wconf 82' lang='lat' dir='ltr'><strong>AEn.</strong></span> <span class='ocrx_word' id='word_1_394' title='bbox 856 3534 932 3588; x_wconf 86' lang='lat' dir='ltr'><strong>VIII,</strong></span> <span class='ocrx_word' id='word_1_395' title='bbox 951 3549 994 3590; x_wconf 79' lang='lat' dir='ltr'><strong>so,</strong></span> <span class='ocrx_word' id='word_1_396' title='bbox 1008 3549 1054 3591; x_wconf 81' lang='lat'><strong>21,</strong></span> <span class='ocrx_word' id='word_1_397' title='bbox 1073 3546 1098 3580; x_wconf 87' lang='lat' dir='ltr'><strong>et</strong></span> <span class='ocrx_word' id='word_1_398' title='bbox 1107 3534 1178 3583; x_wconf 86' lang='lat' dir='ltr'><strong>Cort.</strong></span> <span class='ocrx_word' id='word_1_399' title='bbox 1194 3540 1230 3587; x_wconf 85' lang='lat' dir='ltr'><strong>ad</strong></span> 
     </span>
    </p>
   </div>
   <div class='ocr_carea' id='block_1_9' title="bbox 711 3610 1231 3672">
    <p class='ocr_par' dir='ltr' id='par_1_12' title="bbox 711 3610 1231 3672">
     <span class='ocr_line' id='line_1_61' title="bbox 711 3610 1231 3672; baseline 0.019 -18"><span class='ocrx_word' id='word_1_400' title='bbox 711 3610 805 3655; x_wconf 81' lang='lat' dir='ltr'><strong>Sallust.</strong></span> <span class='ocrx_word' id='word_1_401' title='bbox 816 3613 831 3657; x_wconf 90' lang='lat' dir='ltr'>J</span> <span class='ocrx_word' id='word_1_402' title='bbox 833 3626 873 3672; x_wconf 82' lang='lat' dir='ltr'><strong>ug.</strong></span> <span class='ocrx_word' id='word_1_403' title='bbox 883 3612 967 3668; x_wconf 77' lang='lat' dir='ltr'><strong>XXV,</strong></span> <span class='ocrx_word' id='word_1_404' title='bbox 977 3613 1002 3669; x_wconf 89' lang='grc'><strong>6,</strong></span> <span class='ocrx_word' id='word_1_405' title='bbox 1013 3612 1037 3658; x_wconf 70' lang='lat' dir='ltr'><strong>ivr</strong></span> <span class='ocrx_word' id='word_1_406' title='bbox 1047 3612 1165 3660; x_wconf 85' lang='lat' dir='ltr'><strong>diversum</strong></span> <span class='ocrx_word' id='word_1_407' title='bbox 1175 3627 1231 3664; x_wconf 87' lang='lat' dir='ltr'><strong>tra·</strong></span> 
     </span>
    </p>
   </div>
   <div class='ocr_carea' id='block_1_10' title="bbox 155 3681 1245 4150">
    <p class='ocr_par' dir='ltr' id='par_1_13' title="bbox 155 3681 1245 4150">
     <span class='ocr_line' id='line_1_62' title="bbox 157 3681 1230 3760; baseline 0.008 -30"><span class='ocrx_word' id='word_1_408' title='bbox 157 3684 294 3745; x_wconf 89' lang='lat' dir='ltr'><strong>similesque</strong></span> <span class='ocrx_word' id='word_1_409' title='bbox 320 3681 416 3726; x_wconf 85' lang='lat' dir='ltr'><strong>fuerunt</strong></span> <span class='ocrx_word' id='word_1_410' title='bbox 440 3681 571 3738; x_wconf 81' lang='lat' dir='ltr'><strong>velitibus,</strong></span> <span class='ocrx_word' id='word_1_411' title='bbox 605 3699 666 3757; x_wconf 76' lang='lat' dir='ltr'><strong>quos</strong></span> <span class='ocrx_word' id='word_1_412' title='bbox 711 3687 856 3752; x_wconf 77' lang='lat' dir='ltr'><strong>tebanr(ut</strong></span> <span class='ocrx_word' id='word_1_413' title='bbox 871 3692 1165 3751; x_wconf 72' lang='lat' dir='ltr'><strong>xxv.o;xxxt⁷111,</strong></span> <span class='ocrx_word' id='word_1_414' title='bbox 1182 3696 1230 3760; x_wconf 84' lang='lat'><strong>56)</strong></span> 
     </span>
     <span class='ocr_line' id='line_1_63' title="bbox 158 3757 1230 3837; baseline 0.009 -31"><span class='ocrx_word' id='word_1_415' title='bbox 158 3765 243 3809; x_wconf 78' lang='lat' dir='ltr'><strong>¹Festus</strong></span> <span class='ocrx_word' id='word_1_416' title='bbox 253 3762 310 3806; x_wconf 86' lang='lat' dir='ltr'><strong>inv.</strong></span> <span class='ocrx_word' id='word_1_417' title='bbox 324 3757 464 3804; x_wconf 79' lang='lat' dir='ltr'><strong>advelitatio</strong></span> <span class='ocrx_word' id='word_1_418' title='bbox 473 3760 533 3806; x_wconf 82' lang='lat' dir='ltr'><strong>dicit</strong></span> <span class='ocrx_word' id='word_1_419' title='bbox 543 3761 667 3823; x_wconf 70' lang='lat' dir='ltr'><strong>expeditos</strong></span> <span class='ocrx_word' id='word_1_420' title='bbox 711 3782 741 3812; x_wconf 70' lang='lat' dir='ltr'><strong>en</strong></span> <span class='ocrx_word' id='word_1_421' title='bbox 754 3767 814 3814; x_wconf 85' lang='lat' dir='ltr'><strong>MSS</strong></span> <span class='ocrx_word' id='word_1_422' title='bbox 825 3784 875 3815; x_wconf 92' lang='lat' dir='ltr'><strong>non</strong></span> <span class='ocrx_word' id='word_1_423' title='bbox 889 3769 935 3814; x_wconf 89' lang='lat' dir='ltr'><strong>nisi</strong></span> <span class='ocrx_word' id='word_1_424' title='bbox 945 3769 1028 3825; x_wconf 81' lang='lat' dir='ltr'><strong>Harl,</strong></span> <span class='ocrx_word' id='word_1_425' title='bbox 1043 3769 1085 3816; x_wconf 88' lang='lat' dir='ltr'><strong>sed</strong></span> <span class='ocrx_word' id='word_1_426' title='bbox 1098 3770 1230 3837; x_wconf 76' lang='lat' dir='ltr'><strong>pleraeque</strong></span> 
     </span>
     <span class='ocr_line' id='line_1_64' title="bbox 155 3837 1230 3910; baseline 0.008 -23"><span class='ocrx_word' id='word_1_427' title='bbox 155 3841 230 3887; x_wconf 84' lang='lat' dir='ltr'><strong>luisse</strong></span> <span class='ocrx_word' id='word_1_428' title='bbox 248 3837 334 3884; x_wconf 83' lang='lat' dir='ltr'><strong>milites</strong></span> <span class='ocrx_word' id='word_1_429' title='bbox 341 3871 349 3893; x_wconf 92' lang='lat'><strong>,</strong></span> <span class='ocrx_word' id='word_1_430' title='bbox 369 3837 441 3898; x_wconf 86' lang='lat' dir='ltr'><strong>quasi</strong></span> <span class='ocrx_word' id='word_1_431' title='bbox 456 3839 556 3895; x_wconf 77' lang='lat' dir='ltr'><strong>volites,</strong></span> <span class='ocrx_word' id='word_1_432' title='bbox 580 3840 607 3884; x_wconf 82' lang='lat' dir='ltr'><strong>id</strong></span> <span class='ocrx_word' id='word_1_433' title='bbox 618 3853 665 3898; x_wconf 83' lang='lat' dir='ltr'><strong>est,</strong></span> <span class='ocrx_word' id='word_1_434' title='bbox 711 3845 766 3893; x_wconf 86' lang='lat' dir='ltr'><strong>edd.</strong></span> <span class='ocrx_word' id='word_1_435' title='bbox 779 3857 839 3893; x_wconf 87' lang='lat' dir='ltr'><strong>antt.</strong></span> <span class='ocrx_word' id='word_1_436' title='bbox 848 3859 937 3910; x_wconf 71' lang='lat' dir='ltr'><strong>praeter</strong></span> <span class='ocrx_word' id='word_1_437' title='bbox 944 3850 1014 3896; x_wconf 83' lang='lat' dir='ltr'><strong>Rom.</strong></span> <span class='ocrx_word' id='word_1_438' title='bbox 1032 3855 1097 3908; x_wconf 70' lang='lat'><strong>1472</strong></span> <span class='ocrx_word' id='word_1_439' title='bbox 1108 3861 1133 3897; x_wconf 88' lang='lat' dir='ltr'><strong>et</strong></span> <span class='ocrx_word' id='word_1_440' title='bbox 1142 3853 1230 3904; x_wconf 74' lang='lat' dir='ltr'><strong>Pam,</strong></span> 
     </span>
     <span class='ocr_line' id='line_1_65' title="bbox 158 3916 1231 3992; baseline 0.006 -26"><span class='ocrx_word' id='word_1_441' title='bbox 158 3919 278 3966; x_wconf 76' lang='lat' dir='ltr'><strong>volantes.</strong></span> <span class='ocrx_word' id='word_1_442' title='bbox 289 3919 360 3962; x_wconf 78' lang='lat' dir='ltr'><strong>b&#39;orte</strong></span> <span class='ocrx_word' id='word_1_443' title='bbox 370 3916 441 3962; x_wconf 83' lang='lat' dir='ltr'><strong>etlam</strong></span> <span class='ocrx_word' id='word_1_444' title='bbox 450 3917 496 3979; x_wconf 78' lang='lat' dir='ltr'><strong>leg.</strong></span> <span class='ocrx_word' id='word_1_445' title='bbox 512 3929 537 3963; x_wconf 87' lang='lat' dir='ltr'><strong>ut</strong></span> <span class='ocrx_word' id='word_1_446' title='bbox 548 3919 632 3965; x_wconf 82' lang='lat' dir='ltr'><strong>velites</strong></span> <span class='ocrx_word' id='word_1_447' title='bbox 642 3919 669 3966; x_wconf 83' lang='lat' dir='ltr'><strong>Iri</strong></span> <span class='ocrx_word' id='word_1_448' title='bbox 747 3941 771 3971; x_wconf 83' lang='lat'><strong>2.</strong></span> <span class='ocrx_word' id='word_1_449' title='bbox 783 3928 932 3973; x_wconf 83' lang='lat' dir='ltr'><strong>Documento</strong></span> <span class='ocrx_word' id='word_1_450' title='bbox 936 3927 1031 3991; x_wconf 74' lang='lat' dir='ltr'><strong>suturae</strong></span> <span class='ocrx_word' id='word_1_451' title='bbox 1044 3929 1135 3992; x_wconf 81' lang='lat' dir='ltr'><strong>Capuae</strong></span> <span class='ocrx_word' id='word_1_452' title='bbox 1149 3935 1231 3983; x_wconf 64' lang='lat' dir='ltr'><strong>socii,</strong></span> 
     </span>
     <span class='ocr_line' id='line_1_66' title="bbox 158 3994 1232 4070; baseline 0.01 -25"><span class='ocrx_word' id='word_1_453' title='bbox 158 3998 197 4045; x_wconf 88' lang='lat' dir='ltr'><strong>vel</strong></span> <span class='ocrx_word' id='word_1_454' title='bbox 210 3996 229 4042; x_wconf 89' lang='lat' dir='ltr'><strong>ii</strong></span> <span class='ocrx_word' id='word_1_455' title='bbox 240 3995 281 4040; x_wconf 81' lang='lat' dir='ltr'><strong>vel</strong></span> <span class='ocrx_word' id='word_1_456' title='bbox 293 3994 329 4040; x_wconf 85' lang='lat' dir='ltr'><strong>illi</strong></span> <span class='ocrx_word' id='word_1_457' title='bbox 341 3995 472 4058; x_wconf 46' lang='lat' dir='ltr'><strong>leporibus</strong></span> <span class='ocrx_word' id='word_1_458' title='bbox 482 4008 565 4043; x_wconf 84' lang='lat' dir='ltr'><strong>esseut.</strong></span> <span class='ocrx_word' id='word_1_459' title='bbox 578 4000 667 4062; x_wconf 85' lang='lat' dir='ltr'><strong>Magna</strong></span> <span class='ocrx_word' id='word_1_460' title='bbox 710 4003 1052 4065; x_wconf 83' lang='lat' dir='ltr'><strong>hostibusqueRomanorum,</strong></span> <span class='ocrx_word' id='word_1_461' title='bbox 1060 4008 1232 4070; x_wconf 78' lang='lat' dir='ltr'><strong>qualemcum-</strong></span> 
     </span>
     <span class='ocr_line' id='line_1_67' title="bbox 159 4072 1245 4150; baseline 0.008 -27"><span class='ocrx_word' id='word_1_462' title='bbox 159 4089 240 4123; x_wconf 85' lang='lat' dir='ltr'><strong>tamen</strong></span> <span class='ocrx_word' id='word_1_463' title='bbox 258 4073 316 4120; x_wconf 89' lang='lat' dir='ltr'><strong>inde</strong></span> <span class='ocrx_word' id='word_1_464' title='bbox 336 4073 413 4120; x_wconf 83' lang='lat' dir='ltr'><strong>oritur</strong></span> <span class='ocrx_word' id='word_1_465' title='bbox 431 4072 571 4131; x_wconf 82' lang='lat' dir='ltr'><strong>difficultas,</strong></span> <span class='ocrx_word' id='word_1_466' title='bbox 600 4079 667 4139; x_wconf 88' lang='lat' dir='ltr'><strong>quod</strong></span> <span class='ocrx_word' id='word_1_467' title='bbox 711 4098 758 4144; x_wconf 86' lang='lat' dir='ltr'><strong>que</strong></span> <span class='ocrx_word' id='word_1_468' title='bbox 772 4095 878 4130; x_wconf 81' lang='lat' dir='ltr'><strong>eventum</strong></span> <span class='ocrx_word' id='word_1_469' title='bbox 890 4084 1245 4150; x_wconf 60' lang='lat' dir='ltr'><strong>deſsectioejusubllomani52</strong></span> 
     </span>
    </p>
   </div>
   <div class='ocr_carea' id='block_1_11' title="bbox 0 0 1388 4574">
    <p class='ocr_par' dir='ltr' id='par_1_14' title="bbox 0 0 1388 4574">
     <span class='ocr_line' id='line_1_68' title="bbox 0 0 1388 4574; baseline 0 0"><span class='ocrx_word' id='word_1_470' title='bbox 0 0 1388 4574; x_wconf 95' lang='lat' dir='ltr'><strong> </strong></span> 
     </span>
    </p>
   </div>
  </div>
 </body>
</html>
