2768 4574
200 311 267 405 176
620 314 659 377 a.
692 311 832 377 mvn
1112 295 1236 399 tta:

193 456 239 500 ac
253 445 501 526 suospossent.
520 421 636 499 Orare
650 455 689 500 se
699 434 826 499 Patres
844 425 1072 528 conscriptos,
1084 448 1138 516 nt,
1154 439 1188 502 si
1200 459 1265 504 ne·

194 557 333 638 queant
350 545 492 626 omnia,
511 539 653 627 saltem,
674 562 758 637 qua
775 556 1010 637 compareant
1025 548 1266 640 cognoscique

186 640 348 751 possint,
371 655 509 721 restitui
531 651 686 720 dominis
699 649 895 744 jubeantl.
917 651 1012 722 Talia
1039 668 1266 750 conquestos

195 787 310 859 quum
335 759 508 831 excedere
533 784 577 830 ex
601 759 760 858 templo,
785 775 826 831 ut
852 761 897 831 de
917 762 1106 858 postulatis
1131 787 1267 834 eorum

194 877 314 943 Patres
332 869 472 942 consuli
490 886 658 968 possent,
678 872 844 942 Laevinus
859 872 1039 966 jussisset,
1057 877 1266 946 «Maneant

86 1050 91 1066 ,
147 1018 149 1023 -
194 1013 210 1045 u
225 985 352 1068 immo,
367 981 486 1078 inquit
504 980 711 1067 Marcellus,
732 996 773 1052 ut
786 1006 908 1053 coram
927 982 984 1089 his
998 985 1265 1082 respondeam,

122 1144 132 1155 .
194 1121 210 1155 u
224 1089 372 1188 quando
392 1115 434 1161 ea
452 1088 663 1162 conditione
681 1114 749 1188 pro
767 1091 885 1176 vobis,
904 1098 1025 1164 Patres
1042 1095 1266 1193 conscripti,

195 1234 210 1266 ι(
223 1201 319 1273 bella
331 1202 506 1297 gerimus,
518 1215 559 1270 ut
568 1202 681 1271 victos
696 1203 803 1271 armis
816 1217 1039 1273 accusatores
1052 1202 1265 1276 babeamus.

194 1343 210 1375 ι(
224 1317 314 1383 Duae
334 1325 447 1408 eaptae
469 1311 539 1382 hoc
560 1336 657 1381 anno
680 1310 791 1382 urbes
812 1316 934 1417 Capua
952 1313 1117 1384 Fulvium
1134 1340 1267 1404 reum,

193 1423 437 1494 «Marcellum
456 1426 637 1519 Syracusae
652 1421 823 1493 habeant.
840 1455 857 1489 s>

242 1537 371 1604 XXXI.
385 1532 556 1604 Reductis
568 1535 607 1604 in
620 1535 755 1604 curiam
765 1534 901 1630 legatis,
911 1551 989 1606 tum
999 1538 1141 1626 consul,
1153 1541 1269 1609 «Mon

193 1643 314 1715 «adeo
333 1645 546 1739 majestatis,
569 1647 707 1741 inquit,
735 1647 862 1742 populi
882 1649 1024 1718 romani
1046 1650 1269 1746 imperiique

193 1788 208 1821 α
223 1755 356 1850 hujus1
375 1755 511 1825 oblitus
525 1780 619 1841 sum,
634 1760 753 1826 Patres
768 1757 982 1854 conscripti,
998 1772 1056 1844 ut,
1073 1759 1102 1827 si
1114 1757 1161 1829 de
1178 1784 1267 1831 meo

194 1897 209 1930 a
224 1868 374 1936 crimine
389 1864 651 1960 ambigeretur,
666 1865 792 1935 consul
804 1867 965 1936 dicturus
980 1891 1142 1954 causam,
1156 1890 1267 1939 accu-

192 2009 208 2040 (ι
225 1976 388 2047 sentibus
403 1977 554 2064 Graecis,
569 1973 700 2044 fuerim
712 2003 719 2045 :
731 1974 795 2046 sed
807 2001 899 2063 non,
914 1976 1003 2072 quid
1013 2002 1081 2074 ego
1097 1977 1267 2068 fecerim,

192 2089 261 2156 «in
280 2087 568 2183 disquisitionem
585 2087 706 2172 venit,
725 2112 835 2182 quam
851 2086 941 2184 quid
960 2089 1018 2159 isti
1036 2089 1110 2186 pati
1126 2087 1269 2163 debue-

191 2227 208 2261 a
223 2199 304 2266 rint.
316 2198 389 2287 Qui
399 2198 428 2266 si
444 2220 519 2265 non
534 2193 684 2266 fuerunt
695 2195 834 2285 hostes,
849 2197 937 2267 nihil
949 2200 1130 2286 interest²,
1145 2225 1266 2289 nunc,

192 2339 208 2372 a
222 2333 268 2378 an
291 2308 373 2377 vivo
396 2307 575 2393 Hierone,
600 2311 791 2402 Syracusas
813 2308 1028 2378 violaverim.
1055 2310 1118 2378 Sin
1139 2324 1266 2385 autem
1352 2398 1354 2402 v

193 2449 209 2482 a
224 2419 471 2504 desciverunt,
488 2417 622 2512 legatos
636 2432 781 2490 nostros
797 2416 894 2489 ferro
908 2433 1017 2516 atque
1033 2421 1140 2490 armis
1153 2423 1267 2517 petie·

192 2634 298 2680 fortunis
305 2633 395 2679 relictae
405 2632 467 2688 sint,
477 2646 529 2677 sese
538 2647 565 2677 ae
574 2647 631 2677 suos
640 2646 707 2693 agro-
750 2628 806 2676 edd.
817 2646 869 2677 non
879 2631 941 2677 male
952 2631 1025 2678 immo
1035 2632 1073 2679 vel
1086 2643 1155 2692 ante,
1164 2633 1207 2681 vel
1220 2650 1267 2682 au-

192 2728 245 2758 rum
255 2711 375 2759 fructibus
387 2712 451 2757 alere
461 2720 579 2773 possent«
588 2711 706 2757 0οη-
750 2719 818 2755 etore
839 2709 917 2758 Rhen.
939 2720 996 2773 post
1021 2722 1138 2758 maneant
1157 2712 1265 2776 legitur3

192 2792 232 2839 Sic
252 2807 348 2838 sensum
367 2790 506 2855 exponebat
519 2791 590 2839 Crev.
606 2804 612 2836 ε
629 2789 666 2835 ita
680 2800 707 2834 ur
750 2789 794 2836 sed
808 2789 834 2835 in
849 2789 918 2836 nullo
932 2791 989 2847 MS,
1005 2803 1093 2854 praeter
1107 2791 1189 2842 Rben.
1205 2795 1278 2841 Ma·-

192 2872 258 2919 nudo
268 2872 320 2919 solo
326 2905 334 2927 ,
348 2886 424 2932 quum
436 2868 498 2916 nihil
510 2869 633 2931 reliquerit
642 2869 706 2914 Mar·
750 2880 826 2915 neant
837 2868 900 2925 imo,
921 2869 959 2916 ait
972 2871 1103 2918 Marcellus
1118 2870 1182 2918 bene
1196 2875 1266 2935 conj.

192 2951 279 3007 cellas,
295 2959 383 3013 praeter
392 2950 482 2995 inoenia
494 2948 562 2995 urbis
576 2947 704 3004 exhausta,
750 2951 802 2996 Jac.
817 2949 897 2996 Gron.
914 2968 920 2979 ·

192 3041 217 3078 et
234 3030 337 3094 spoliata
351 3028 452 3075 deorum
466 3027 581 3084 delubra,
601 3042 631 3071 ne
648 3025 704 3071 reli·
783 3029 847 3077 Car.
864 3029 960 3075 XXXI.
978 3043 999 3075 1.
1016 3026 1162 3092 Imperiiqne
1175 3027 1265 3096 hujus,

193 3109 255 3172 quiis
267 3107 364 3171 quidem
378 3106 479 3170 direpta
484 3105 609 3170 sorriana,
621 3104 703 3163 idest,
747 3108 809 3166 mel,
820 3107 1186 3156 consularis-Accusationis
1197 3109 1270 3157 Groe·

192 3189 293 3251 privatis
313 3187 362 3233 suis
379 3185 465 3244 bonis,
483 3185 560 3249 agris,
577 3195 624 3231 etc.
641 3184 705 3231 alere
748 3187 795 3242 ειζς,Ι
807 3188 863 3235 vide
876 3188 908 3234 ad
921 3188 1005 3246 XXV,
1022 3201 1070 3248 29,
1089 3203 1114 3236 n.
1130 3195 1154 3242 4.
1170 3187 1268 3238 Groeca

193 3283 244 3314 sese
257 3283 285 3314 ac
298 3282 354 3313 suos
368 3276 501 3328 possent.»
517 3263 564 3311 Sed
580 3263 703 3310 Drakenb.
748 3278 828 3314 autem
840 3279 864 3314 et
877 3266 988 3312 Graecula
1003 3266 1162 3330 contemptim
1178 3267 1270 3317 dicum

193 3356 275 3392 censet
288 3355 378 3391 rectam
390 3342 508 3406 loquendi
522 3344 641 3389 rationem
654 3358 706 3389 non
749 3357 790 3393 tur
800 3347 926 3394 Romanis.
946 3345 984 3392 Cf.
995 3345 1027 3391 ad
1038 3347 1113 3411 yut,
1130 3361 1179 3406 aa,
1197 3363 1224 3394 n.
1235 3347 1267 3409 '73

193 3425 345 3488 permittere,
359 3435 400 3480 ut,
414 3423 435 3469 si
454 3422 495 3468 hic
518 3438 601 3468 sensus
621 3422 707 3468 verbo-
750 3427 802 3483 IX,
824 3427 867 3482 13,
888 3442 912 3471 n.
930 3425 959 3482 63
975 3426 1102 3482 XXVIII,
1125 3426 1171 3481 43,
1192 3443 1219 3474 n.
1235 3444 1268 3491 93

193 3504 305 3560 sumsit,
322 3503 383 3549 adeo
397 3502 496 3550 turbato
511 3501 597 3548 ordine
611 3496 706 3565 propo·
750 3507 833 3562 XLII,
852 3513 894 3564 47,
909 3522 933 3552 n.
946 3521 975 3563 23
993 3505 1036 3553 Sil.
1052 3506 1101 3562 111,
1120 3505 1182 3565 1783
1197 3508 1270 3568 ΧΠ,

192 3595 289 3630 uantur.
303 3583 356 3645 Ego
371 3583 440 3630 lacile
455 3597 511 3628 cum
523 3581 640 3644 Doering.
651 3597 705 3628 sen·
751 3591 780 3639 4ῐ
792 3600 799 3641 ;
812 3586 901 3631 Juven.
912 3586 961 3640 ΙΙΙ,
977 3585 1008 3629 61
1020 3599 1057 3646 sq.
1071 3585 1134 3631 Mox
1146 3597 1209 3648 post
1222 3586 1272 3635 sed

193 3664 271 3710 tirem.
282 3664 328 3708 En.
748 3679 798 3708 non
812 3663 928 3708 omissum
943 3674 1007 3719 tam,·
1017 3662 1074 3710 vide
1088 3679 1160 3727 supra
1176 3664 1212 3712 ad
1225 3668 1270 3725 ΙΙ,

230 3749 254 3796 4.
278 3743 337 3802 Qua
361 3754 520 3804 compareant
545 3740 705 3804 cognoscique
750 3741 832 3799 56,n.
844 3744 867 3788 8.

191 3820 295 3882 possint,
311 3819 404 3866 restitui
417 3820 520 3866 dominis
525 3838 535 3876 ;
547 3819 597 3882 yid.
609 3819 641 3865 ad
653 3822 700 3874 III,
784 3837 808 3867 2.
821 3820 891 3868 Nihil
900 3820 1010 3877 r'ntcrcst,·
1021 3820 1078 3868 vide
1088 3820 1120 3868 ad
1127 3823 1206 3882 VIII,
1219 3825 1271 3889 39,

197 3914 276 3956 1o,n.
289 3913 312 3954 1,
324 3908 348 3944 et
356 3900 403 3957 VI,
417 3915 443 3949 1.
457 3899 516 3945 n.6.
530 3926 565 3934 -—
579 3898 704 3944 Excedere
747 3916 772 3946 n.
784 3901 809 3947 3.
828 3901 891 3947 Mox
907 3911 964 3963 post
977 3900 1126 3947 desciverunt
1140 3901 1190 3950 MS
1209 3905 1271 3955 rut.

195 3993 227 4023 ex
241 3977 341 4039 templo,
356 3979 430 4039 cqria.
445 3978 517 4025 Conf.
528 3993 582 4041 cap.
593 3979 621 4024 31
632 3995 669 4042 pr.
679 3989 704 4025 et
748 3978 821 4025 etalii
831 3979 1027 4043 adduntportas,·
1039 3978 1271 4047 undeGron.conj,

194 4056 226 4102 ad
236 4059 261 4115 I,
271 4057 333 4103 dan.
342 4058 366 4103 6.
377 4059 440 4103 Mox
447 4058 472 4103 in
483 4057 596 4103 omnibns
606 4057 703 4119 quidem
749 4057 897 4105 desciverunt
909 4058 946 4104 ad
962 4061 1047 4106 Panos
1062 4058 1102 4106 vel
1119 4073 1225 4123 aperte,
1244 4078 1273 4115 οε
