2768 4574
188 308 258 390 438
612 309 648 373 T.
684 307 819 374 LIVII

189 427 345 497 Arretini
371 427 516 522 triginta
539 426 647 495 millia
672 434 853 495 scutorum
873 420 900 509 ⁸,
921 420 1035 520 galeas
1065 424 1238 512 totidem,

188 535 276 634 pila,
287 559 396 632 gaesa,
413 536 529 605 hastas
546 535 688 631 longas,
701 533 851 604 millium
870 535 1129 631 quinquaginta
1143 560 1238 606 sum·

188 670 283 714 mam
307 645 383 741 pari
407 644 582 741 cujusque
599 645 738 741 generis
760 668 911 713 numero
938 644 1161 739 expleturos,
1182 670 1238 715 se-

189 778 304 842 cures,
316 768 430 840 rutra,
444 751 565 841 salces,
580 753 753 836 alveolos,
767 753 897 840 molas,
909 766 1082 849 quantum
1103 754 1140 823 in
1156 779 1239 850 qua-

125 866 127 871 ’
188 864 348 960 draginta
372 863 497 960 longas
529 889 637 933 naves
662 887 754 959 opus
774 877 886 949 esset,
912 863 1017 933 tritici
1036 876 1180 933 centum
1203 880 1239 934 et

187 973 311 1069 viginti
335 973 444 1042 millia
466 972 644 1058 modium,
665 988 700 1042 et
728 973 765 1041 in
794 973 957 1041 viaticum
982 970 1239 1042 decurionibus

186 1081 454 1180 remigibusque
467 1082 678 1152 collaturos9
688 1108 695 1151 :
706 1082 885 1167 Perusini,
895 1080 1047 1166 Clusini,
1057 1080 1239 1150 Rusellani

187 1191 341 1263 abietem
367 1190 654 1262 in'labricandas
673 1206 781 1260 naves
810 1205 845 1260 et
870 1188 1041 1260 frumenti
1069 1215 1238 1286 magnum

187 1326 379 1373 numerum
397 1328 404 1369 :
423 1299 539 1372 abiete
557 1325 600 1370 ex
618 1299 770 1397 publicis
789 1299 883 1369 silvis
901 1313 954 1368 est
968 1323 1064 1368 usus.
1082 1299 1240 1368 Umbriae

187 1411 312 1507 populi
329 1425 365 1481 et
382 1425 509 1507 praeter
528 1411 593 1480 hos
606 1411 751 1482 Nursini
768 1423 803 1479 et
821 1409 959 1480 Reatini
978 1423 1014 1479 et
1025 1410 1238 1480 Amiternini

187 1518 404 1617 sabinusque
421 1544 503 1616 ager
519 1521 636 1591 omnis
653 1521 781 1590 milites
794 1519 951 1616 polliciti.
965 1520 1088 1606 Marsi,
1105 1518 1240 1616 Peligni

186 1631 466 1727 Marrucinique,
488 1629 591 1700 multi
611 1630 801 1700 voluntarii
823 1623 972 1699 nomina
992 1631 1030 1698 iu
1047 1643 1075 1674 ¹⁰
1093 1629 1238 1700 classem

187 1832 242 1868 tura
258 1823 325 1887 apud
345 1823 519 1881 Columellam,
537 1825 603 1883 xn,
624 1823 656 1870 ⁵0
669 1846 689 1870 ν.

223 1903 246 1947 8.
257 1901 367 1949 Arretini
379 1904 455 1949 XXX
468 1902 543 1949 millia
554 1913 674 1948 scutorum
680 1935 688 1957 ,

186 1981 242 2026 Put.
255 1981 315 2043 Reg.
330 1991 357 2035 et
367 1980 397 2028 al.
413 1981 456 2024 III
464 1979 549 2041 millia.
557 2006 592 2015 -
603 1980 692 2036 Goesa,·

186 2057 243 2104 vide
253 2058 366 2116 adVIII,
382 2063 410 2116 8,
421 2074 447 2105 n.
456 2058 585 2105 3.-Vid.
594 2058 690 2107 Cluver.

187 2137 300 2183 Gennan.
312 2140 342 2196 1,
356 2144 403 2195 ης
423 2139 494 2184 Voss.
510 2137 540 2183 de
551 2138 625 2184 Vitiis
642 2153 690 2184 ser·

186 2214 276 2271 monis,
292 2217 317 2272 1,
335 2231 368 2272 23
386 2227 411 2262 et
424 2231 508 2262 omnes
526 2217 568 2277 qui
582 2215 690 2278 gallicam

187 2303 211 2339 et
226 2292 384 2355 germanicam
399 2294 566 2355 antiquitatem
580 2293 692 2357 explora·

187 2380 286 2430 verunt3
300 2371 357 2417 item
367 2371 474 2434 interpp.
483 2371 580 2432 Virgilii
592 2371 623 2417 ad
637 2374 692 2417 AEu.

186 2447 230 2496 lib.
240 2449 315 2505 VIII,
329 2465 352 2495 v.
363 2450 423 2496 662.
433 2451 477 2496 En.
490 2474 526 2484 -
539 2450 630 2496 Hastas
641 2451 692 2496 Ion·

184 2543 243 2591 gas,
261 2527 349 2589 quibus
358 2527 475 2591 projectis
488 2527 598 2574 cominus
609 2528 634 2573 in
646 2538 693 2575 sta-

187 2606 246 2653 tatia
256 2622 337 2670 pugna
346 2606 476 2654 utebantur
485 2621 492 2654 ε
504 2606 604 2653 missiles
613 2606 675 2653 enim
684 2641 691 2664 ,

186 2702 245 2748 quas
263 2685 356 2732 eminus
370 2684 549 2745 jaculabantur,
569 2685 691 2732 breviores

185 2765 260 2811 fuisse
275 2763 401 2828 probabile
417 2775 467 2826 est3
483 2763 549 2812 nuk.
564 2765 601 2812 Cf.
612 2764 690 2811 Strab.

186 2844 228 2902 X,
242 2846 307 2899 448,
320 2854 344 2890 et
356 2843 421 2908 Lips.
434 2842 540 2890 Poliorc.
556 2845 600 2901 IV,
614 2851 638 2898 4.
656 2871 690 2879 -

186 2923 323 2970 Millr'umL
345 2920 458 2985 (quidam
472 2922 533 2969 MSS
546 2921 605 2984 XL)
628 2940 690 2969 sum-

186 3018 251 3048 mam
270 3000 331 3064 pari
349 3001 462 3064 erp'usque
479 3001 574 3063 generis
591 3017 690 3048 numero

186 3081 336 3141 expleturos,
359 3080 430 3126 Crev.
452 3083 515 3141 conj.
535 3080 571 3125 ad
591 3079 691 3127 millium

159 3214 164 3224 Ι
186 3159 218 3213 L,
238 3168 284 3205 etc.
305 3173 400 3204 sensum
422 3167 503 3203 autem
521 3156 586 3203 huuc
605 3169 691 3220 putat,

185 3236 312 3282 Arretinos
324 3235 447 3299 pollicitos
459 3251 522 3293 esse,
532 3251 557 3281 se
562 3234 629 3298 pila,
639 3253 688 3299 gae·

734 1850 767 1858 -
785 1822 885 1868 Ilutrum
904 1837 918 1866 a
938 1818 1045 1875 ruendo,
1064 1821 1114 1866 sive
1133 1821 1240 1867 eruendo

735 1900 827 1946 dictum
840 1909 892 1956 est,
905 1909 929 1945 et
941 1899 1126 1946 instrumentum
1138 1899 1184 1946 fult
1195 1900 1241 1946 ler-

735 1994 803 2024 reum
816 1978 848 2024 ad
863 1977 992 2024 eruendam
1011 1987 1113 2036 terram,
1128 1978 1178 2023 sive
1192 1994 1242 2024 are-

735 2073 789 2103 nam
804 2072 879 2119 quum
896 2071 959 2118 opus
971 2065 1050 2113 esset3
1066 2055 1097 2102 ad
1110 2056 1177 2118 quod
1189 2072 1241 2104 ver·

735 2136 793 2182 hum
801 2144 886 2182 testem
894 2137 988 2181 Festum
996 2134 1242 2196 appellatCreverius.
1275 2150 1277 2153 ·

734 2216 780 2262 En.
801 2240 834 2250 -
857 2213 937 2259 Molas
952 2213 1073 2259 frumento
1089 2214 1239 2277 frangendo,

735 2292 784 2338 vid.
801 2291 832 2338 ad
848 2292 914 2354 Lips.
930 2291 960 2337 de
974 2291 1064 2338 Militia
1079 2294 1151 2341 Rom.
1161 2295 1192 2352 V,
1209 2309 1236 2338 11

736 2384 760 2419 et
773 2373 812 2418 ιθ.

772 2465 796 2511 9.
808 2451 842 2496 Et
853 2449 878 2496 ie
891 2449 1009 2497 viaticum
1023 2450 1188 2497 decurionibus
1202 2467 1240 2496 re-

736 2529 883 2593 migibusque
898 2530 1044 2586 collaturos,
1062 2529 1115 2578 scil.
1132 2529 1239 2593 aliquid,

736 2608 774 2655 vel
791 2607 925 2671 pecuniam.
940 2609 1011 2654 Forte
1026 2607 1073 2655 del.
1088 2619 1125 2664 et,
1136 2608 1239 2671 jungen-

735 2686 814 2749 daque
830 2686 905 2733 tritici
923 2687 994 2733 CXX
1010 2686 1086 2734 millia
1105 2686 1240 2734 modionem

734 2766 758 2813 iu
772 2766 901 2822 viaticum,
917 2767 984 2814 Glnr.
1002 2765 1168 2812 «Incredibile
1185 2778 1238 2825 est,

734 2844 786 2892 haec
797 2845 869 2892 fuisse
881 2845 993 2892 viaticum
1003 2843 1159 2891 decurionum
1169 2846 1240 2892 remi-

735 2939 852 2986 gumque3
866 2935 890 2971 et
901 2922 1007 2986 suppleri
1016 2933 1098 2985 potest
1106 2933 1190 2985 aptum
1199 2924 1240 2971 ali·

734 3002 801 3064 quod
814 3018 918 3059 nomen,
932 3013 959 3048 ut
977 3000 1042 3064 apud
1056 3001 1107 3049 Cic.
1118 3002 1188 3050 Verr.
1200 3005 1237 3058 ΙΙ,

736 3081 782 3142 59,
794 3080 930 3144 imperasti,
946 3091 973 3126 at
982 3080 1054 3126 iidem
1064 3096 1111 3142 pro
1124 3092 1198 3144 parte
1213 3082 1239 3129 t'rt

735 3175 859 3206 commune
868 3158 955 3206 Sicilire
966 3156 1100 3221 confierent
1110 3175 1119 3205 :
1130 3159 1203 3206 etiam
1213 3161 1243 3207 id

731 3238 889 3286 contulerwrt.
897 3237 1015 3285 Caeterum
1025 3236 1164 3284 deviationes
1172 3240 1240 3285 remi·
1259 3260 1262 3265 ·

184 3329 228 3369 sa,
244 3305 327 3361 hristus
337 3312 421 3377 longas
431 3313 530 3360 daturos
542 3329 592 3360 esse
605 3331 634 3361 eo
646 3332 690 3361 nu·
729 3317 799 3380 gibus
811 3316 949 3380 praefuisse,
960 3332 991 3362 ex
1004 3330 1033 3362 ec
1048 3315 1129 3380 colligi
1143 3328 1237 3379 potest,

184 3407 264 3451 mero,
278 3402 305 3439 ut
323 3408 414 3439 summa
428 3393 537 3439 omnium
553 3392 624 3439 simul
638 3394 688 3441 col-

184 3469 302 3518 lectorum
311 3482 374 3519 esset
387 3472 405 3516 1.
418 3471 533 3529 millium,
547 3473 600 3535 pari
613 3474 688 3534 cujus

184 3565 231 3611 que
244 3549 338 3612 generis
346 3564 460 3607 numero,
471 3550 504 3598 ita
514 3562 540 3598 ut
549 3551 598 3614 pila
607 3551 687 3598 daturi

185 3640 264 3675 essent
279 3627 375 3675 circiter
391 3627 487 3688 16670,
504 3629 606 3677 totidem
625 3646 686 3692 gaesa

183 3700 689 3770 totidemquebastas.Voxexpleturosforte

185 3783 301 3840 delenda,
319 3796 347 3832 ut
367 3785 448 3832 omnia
469 3786 591 3850 pendeant
607 3802 620 3832 u
638 3803 688 3850 seq.

184 3861 329 3918 collaturos,
344 3865 395 3910 ecil.
408 3881 433 3911 se
446 3880 497 3911 esse
508 3864 612 3930 polliciti
623 3877 687 3912 sunt.

182 3967 217 3974 -
225 3941 300 3985 liutra
309 3952 333 3987 et
342 3943 460 3998 alveolos;
471 3944 502 3989 cf.
511 3945 587 3990 Marc.
597 3943 687 3990 Donat.

184 4018 214 4066 ιι]
225 4019 248 4066 b.
260 4018 367 4080 l.Veget.
377 4024 413 4079 ll,
428 4021 471 4080 25,
483 4019 566 4084 ibique
575 4021 686 4070 Stewich.

732 3395 798 3457 quod
808 3395 846 3442 his
857 3411 870 3441 a
882 3395 951 3441 Livio
960 3395 1103 3455 junguntur.
1115 3395 1162 3442 Sed
1173 3412 1239 3458 quae·

731 3489 787 3520 nam
799 3475 924 3538 speciatim
936 3485 1017 3536 partes
1031 3489 1115 3521 eorum
1129 3474 1236 3521 muneris

730 3553 756 3599 in
773 3553 875 3599 navibus
892 3553 994 3610 fuerint,
1011 3569 1083 3600 nemo
1100 3553 1236 3601 tradidit.»

733 3632 824 3691 Duker.
839 3657 873 3666 --
884 3632 929 3677 Est
941 3647 1008 3688 usus,
1021 3633 1072 3678 scil.
1084 3632 1182 3695 Scipio,
1196 3633 1238 3694 qui

733 3709 836 3756 abietem
848 3725 862 3755 a
877 3710 997 3756 Perusinis
1008 3727 1058 3757 non
1072 3705 1179 3775 accepit,
1196 3712 1237 3758 sed

733 3804 764 3835 ex
775 3787 842 3834 silvis
857 3785 961 3848 publicis
971 3789 1056 3852 populi
1070 3790 1162 3836 romani
1177 3791 1239 3838 exei-

733 3881 783 3912 sam
797 3864 917 3910 adhibuit.
930 3867 976 3912 En.

768 3960 806 3990 10.
820 3942 927 3990 Nursina
946 3944 971 3989 in
988 3947 1087 3994 classem
1104 3948 1238 4002 dederunt,·

731 4023 862 4079 rideadl,
879 4025 987 4079 11,n.3.
