2768 4574
99 278 107 287 ·
181 254 306 362 3332:
372 277 524 345 niusa
557 240 1037 344 xxvrcaaxxmx.
1101 262 1227 373 ..iqs

153 403 353 469 Tarentum
371 394 564 467 Hannibali
578 393 795 492 prodiderat.
813 398 878 467 Hic
890 398 1100 488 Quintium,
1117 401 1225 471 simui
1312 484 1316 493 Ι

156 522 381 606 pugnantem
394 507 677 601 hortantemque
687 529 790 592 suos,
803 506 988 577 incautum
1000 508 1102 579 hasta
1116 524 1226 583 trans·
1276 496 1280 505 ⁴

155 619 260 715 figit:
286 617 345 688 ille
366 632 474 714 atque
498 639 658 714 praeceps
683 640 767 686 cum
793 618 902 687 armis
921 616 1120 715 procidit¹³
1139 619 1223 693 ante

156 754 311 827 proram,
331 730 457 800 Victor
472 726 706 815 Tarentinus,
725 729 762 796 in
780 725 965 802 turbatam
983 729 1076 801 duce
1095 733 1225 803 amisso

157 865 286 911 navem
310 840 462 936 impigre
483 853 742 932 transgressus,
763 861 878 933 quum
897 836 1137 911 submovisset
1156 841 1226 912 ho·
1297 915 1301 920 χ

157 965 250 1039 stes,
269 964 306 1023 et
318 972 426 1047 prora
442 949 516 1043 jam
529 948 809 1018 Tarentinorum
829 963 944 1035 esset,
961 949 1116 1046 puppim
1134 950 1228 1021 male

155 1058 365 1157 conglobati
381 1072 571 1129 tuerentur
585 1059 761 1146 Romani,
779 1073 931 1156 repente
947 1072 984 1129 et
998 1058 1066 1128 alia
1079 1078 1099 1128 a
1113 1061 1229 1158 puppi

158 1170 312 1241 triremis
331 1168 491 1240 hostium
512 1169 688 1266 apparuit..
709 1173 764 1239 lta
781 1170 820 1238 in
838 1167 960 1240 medio
981 1169 1227 1242 circumventa

157 1303 307 1350 romana
331 1280 431 1350 navis
456 1279 609 1377 capitur.
635 1281 727 1349 Hinc
751 1281 887 1351 caeteris
913 1295 1031 1350 terror
1051 1281 1225 1375 injectus,

157 1405 200 1460 nt
212 1391 417 1486 praetoriam
432 1414 562 1461 navem
576 1404 717 1488 captam
729 1389 871 1477 videre3
885 1387 1139 1488 fugientesque
1152 1414 1227 1488 pas·
1317 1454 1318 1458 ,

157 1502 244 1585 sim,
259 1499 335 1569 aliae
349 1500 386 1569 in
408 1499 480 1570 alto
496 1524 636 1588 mersae,
654 1499 729 1571 aliae
746 1501 785 1570 in
799 1515 932 1570 terram
944 1503 1053 1573 remis
1066 1501 1243 1600 abreptae·

159 1635 244 1680 mox
252 1609 379 1706 praedae
389 1609 491 1682 fuere
499 1611 670 1682 Thurinis
679 1613 1128 1708 Metapontinisque¹⁴.Ex
1138 1636 1230 1684 one-

158 1723 278 1809 rariis,
292 1746 373 1818 quae
387 1747 470 1795 cum
486 1731 690 1792 commeatu
704 1721 972 1818 sequebantur,
990 1747 1180 1821 perpaucae
1192 1725 1231 1796 in

159 1847 376 1928 potestatem
391 1832 552 1904 hostium
562 1858 695 1904 venere
712 1861 719 1902 :
738 1833 832 1920 aliae,
846 1832 891 1903 ad
906 1835 1065 1905 incertos
1075 1834 1162 1907 hinc
1175 1851 1230 1906 at-

160 1966 232 2036 que
251 1942 351 2013 illinc
366 1942 517 2040 obliqua
531 1940 790 2014 transferentes
806 1942 902 2032 vela,
918 1945 956 2014 in
972 1944 1085 2016 altum
1099 1960 1231 2017 evectae

160 2065 256 2122 sunt.
273 2057 511 2150 Nequaquam
527 2056 605 2152 pari
614 2051 761 2124 fortuna
776 2080 843 2153 per
857 2079 919 2126 eos
934 2056 1009 2126 dies
1018 2057 1164 2127 Tarenti
1174 2080 1232 2127 res

162 2179 261 2260 gesta
277 2191 284 2233 :
305 2189 390 2236 nam
403 2163 449 2235 ad
463 2179 623 2262 quatuor
635 2165 746 2235 millia
761 2164 954 2237 bominum
970 2165 1232 2238 frumentatum

161 2298 301 2370 egressa
316 2300 431 2372 quum
445 2278 484 2346 in
502 2278 595 2374 agris
608 2279 741 2374 passim
757 2292 992 2374 vagarentur,
1008 2278 1148 2365 Livius,
1168 2279 1233 2374 qui

160 2385 232 2454 arci
251 2385 491 2483 praesidioque
511 2410 665 2459 romano
683 2401 849 2484 praeerat,
868 2389 1032 2458 intentus
1051 2389 1090 2457 in
1105 2413 1233 2460 omnes

159 2495 368 2566 occasiones
380 2495 546 2593 gerendae
559 2500 630 2584 rei,
645 2502 684 2569 C.
697 2499 876 2584 Persium,
891 2499 1086 2594 impigrum
1095 2499 1230 2587 virum,

160 2626 244 2671 cum
263 2603 407 2676 duobus
421 2607 580 2679 millibus
594 2620 815 2678 aneatorum
832 2632 877 2678 ex
891 2631 972 2678 arce
993 2608 1122 2678 emisit.
1138 2609 1231 2697 Qui,

161 2734 250 2806 vage
268 2710 402 2784 esbisos
417 2740 483 2813 per
499 2741 604 2814 agros
620 2717 834 2814 palatosque
851 2716 1020 2803 adortus,
1038 2742 1154 2814 quum
1168 2717 1233 2789 diu

163 2821 295 2918 passim
314 2824 516 2914 cecidisset,
536 2851 672 2924 paucos
690 2852 734 2898 ex
753 2826 896 2914 multis,
915 2825 1058 2923 trepida
1074 2825 1158 2926 fuga
1176 2830 1234 2900 in-

162 2930 340 3023 cidentes,
349 2936 571 3032 semiapertis
582 2953 768 3035 portarurn
779 2934 935 3023 foribus,
946 2937 984 3005 in
997 2935 1126 3007 urbem
1141 2962 1235 3008 com·

163 3042 276 3140 pulit,
293 3070 340 3116 ne
357 3044 446 3117 urbs
463 3047 593 3118 eodem
607 3051 746 3146 impetu
762 3043 1004 3147 caperetur15.
1020 3051 1073 3118 Ita
1086 3061 1240 3144 aequatae

203 3242 298 3290 ralla
305 3252 492 3303 atqueprceceps
499 3236 617 3300 procidit,·
627 3236 676 3283 vid.
720 3239 778 3300 Leg.
790 3239 815 3284 11
821 3271 828 3295 ,
839 3245 868 3294 4,
881 3247 905 3283 et
916 3234 1033 3284 Schelleri
1042 3236 1102 3282 Lex.
1112 3234 1153 3282 lat.
1161 3237 1234 3283 Forte

165 3320 197 3366 ad
205 3320 276 3368 Praaf.
287 3337 311 3366 n.
323 3319 362 3366 13.
371 3319 417 3366 Ille
426 3316 500 3364 simul
506 3327 582 3380 atque
588 3333 615 3379 p.
623 3331 678 3362 cum
721 3316 767 3379 leg.
782 3314 918 3383 tranfigu,
930 3326 1005 3378 atque
1014 3312 1059 3380 (et)
1070 3312 1121 3370 ille,
1132 3324 1180 3362 etc.

165 3398 274 3463 armisp.
285 3413 433 3461 aprorum,
444 3396 533 3452 victor,
545 3407 591 3444 etc.
602 3395 677 3445 Curio
761 3404 800 3450 14.
818 3393 929 3442 Thurinis
946 3392 1180 3458 Metapontinisque,
1194 3393 1237 3457 qui

167 3488 266 3542 etpost
288 3495 344 3525 eum
362 3477 403 3525 alii
423 3477 529 3526 edidere.
548 3476 596 3524 Sed
616 3475 679 3523 illud
723 3475 755 3522 ad
772 3475 936 3524 Hannibalem
956 3474 1109 3532 defecerant;
1131 3472 1187 3520 vide
1204 3471 1237 3525 ad
1303 3530 1306 3535 ¹

165 3557 239 3604 simul
249 3558 317 3606 abest
328 3576 341 3605 a
353 3561 416 3607 MSS
426 3570 451 3606 et
464 3570 525 3606 antt.
537 3557 593 3606 edd.
605 3556 676 3622 prob·
723 3556 814 3614 XXII,
826 3556 874 3614 613
889 3556 974 3614 XXV,
987 3554 1026 3601 15.
1038 3579 1073 3590 --
1084 3552 1165 3609 Alim-
1178 3551 1237 3600 vide

167 3637 245 3684 Gron.
259 3638 302 3700 qui
316 3650 415 3697 monet,
433 3650 508 3702 atque
526 3637 552 3686 h.
566 3637 597 3694 l.,
613 3646 640 3683 ut
654 3645 679 3682 et
724 3634 755 3682 ad
767 3635 813 3694 IV,
828 3649 874 3692 10,
886 3650 910 3681 n.
922 3650 946 3680 a.

167 3714 240 3773 alibi,
260 3716 324 3779 inpr.
343 3716 410 3781 apud
429 3716 555 3774 Plautum,
571 3716 679 3779 positum
763 3714 803 3762 15.
818 3714 857 3759 Ne
870 3713 925 3759 urbs
940 3710 1025 3758 eodem
1039 3709 1128 3774 impetu
1139 3724 1238 3774 capere·

168 3811 219 3841 essa
236 3811 283 3859 pro
303 3795 417 3841 continuo
435 3795 475 3842 vel
491 3795 582 3843 statim.
606 3795 680 3843 Conf.
726 3806 773 3849 tur,
786 3792 872 3849 verba,
887 3806 942 3854 quae
957 3788 1067 3855 pendent
1079 3806 1093 3848 a
1107 3787 1237 3852 semiaper-

168 3874 233 3920 Duk.
245 3885 270 3921 et
281 3873 356 3921 Drak.
368 3872 399 3920 ad
408 3872 434 3922 b.
448 3873 466 3920 l.
480 3885 505 3922 et
516 3874 548 3922 ad
561 3876 679 3932 XXVII,
726 3872 773 3928 tis;
790 3871 855 3918 unde
874 3870 911 3917 vel
926 3869 967 3916 illa
981 3880 1038 3933 post
1053 3868 1116 3916 hauc
1133 3883 1237 3926 vocem,

170 3969 217 4010 ²13
231 3953 294 4001 Gell.
306 3954 345 4009 X,
363 3968 409 4014 293
421 3954 503 4000 Burin.
514 3965 539 4001 et
552 3955 635 4018 Heyn.
649 3954 680 4001 ad
723 3951 763 3999 vel
777 3950 803 3997 in
815 3949 896 3996 urbem
908 3946 1025 4012 compulit
1035 3959 1092 4012 post
1102 3947 1182 3996 multis
1191 3963 1239 4012 po-

168 4033 237 4098 Virg.
253 4035 343 4096 Georg.
358 4034 382 4092 1,
400 4031 463 4090 ²033
481 4033 564 4083 Davis.
578 4033 609 4082 ad
628 4033 679 4082 Cic.
725 4029 806 4080 nenda
818 4028 937 4093 suspicari
949 4027 1037 4092 possis.
1045 4026 1088 4075 'CI
1098 4028 1151 4076 Jac.
1161 4028 1240 4075 Gron.

295 4123 337 4192 V.
1033 4110 1074 4183 13
