2768 4574
164 344 253 427 aaa
521 324 524 329 “
613 341 651 405 r.
684 338 823 406 mvn
1090 317 1213 431 2:313231

180 492 198 529 a
210 477 247 533 te
262 459 411 532 consule
425 456 646 552 vincamus),
657 455 780 527 futura
794 471 857 527 est.
867 434 924 527 Ab
933 458 1111 554 Drepanis
1129 474 1239 555 atque

180 602 198 639 α
212 564 346 665 Eryce³
359 567 553 638 detraxisse
563 567 816 650 Hamilcarem,
830 590 938 663 quam
950 567 1049 637 ltalia
1061 569 1239 664 expulisse

179 710 197 747 α
209 686 340 752 Poenos
351 692 460 776 atque
468 678 726 765 Hannibalem,
741 677 864 749 malis?
875 682 928 750 Ne
939 692 981 748 tu
990 678 1157 774 quidem,
1173 682 1238 751 etsi

182 822 199 857 α
212 793 324 888 magis
335 803 490 887 partam,
505 813 614 885 quam
629 803 825 885 speratam,
839 788 988 885 gloriam
1000 789 1237 885 amplecteris,

182 931 200 966 e
212 901 382 998 Hispania
404 900 546 996 potius,
566 922 676 995 quam
697 898 814 983 Italia,
830 898 927 969 bello
948 899 1096 970 liberata
1112 900 1240 996 gloria-

180 1040 197 1075 «
210 1025 269 1080 tus
280 1007 400 1079 fueris.
406 1008 576 1080 Nondum
590 1009 619 1077 is
630 1007 867 1078 estHannibal
875 1011 903 1095 4,
916 1033 1026 1104 quem
1040 1035 1116 1080 non
1127 1014 1239 1107 magis

181 1123 371 1191 «timuisse
393 1119 579 1208 videatur,
603 1143 713 1215 quam
742 1122 1023 1216 contempsisse,
1049 1122 1114 1215 qui
1141 1121 1239 1190 aliud

180 1230 347 1302 «bellum
367 1229 542 1299 maluerit.
558 1230 654 1316 Quin
671 1229 780 1325 igitur
795 1227 925 1298 adhoc
942 1230 1156 1324 accingeris,
1170 1254 1240 1300 nec

180 1371 197 1405 a
210 1364 276 1438 per
296 1341 383 1409 istos
399 1341 585 1425 circuitus,
604 1353 661 1425 ut,
683 1363 798 1434 quum
816 1340 854 1408 in
869 1335 1024 1408 Africam
1038 1339 1238 1433 trajeceris,

180 1481 197 1516 α
211 1464 450 1546 sequuturum
462 1463 498 1518 te
512 1448 596 1519 illuc
606 1447 843 1520 Hannibalem
855 1473 977 1546 speres
986 1450 1119 1545 potius,
1129 1474 1239 1545 quam

181 1575 311 1631 «recto
330 1559 416 1630 hinc
433 1560 580 1647 itinere,
600 1559 661 1631 ubi
678 1559 857 1631 Hannibal
876 1575 947 1647 est,
969 1585 1013 1630 eo
1031 1558 1169 1631 bellum
1186 1561 1238 1630 in·

180 1699 198 1734 c
211 1669 351 1739 tendis?
367 1671 555 1767 Egregiam
573 1672 676 1741 istam
695 1669 851 1767 palmam
867 1669 952 1741 belli
969 1671 1093 1767 punici
1111 1672 1240 1768 patrati

123 1850 126 1855 ,
181 1810 198 1846 α
211 1781 324 1876 petis?
337 1785 414 1850 Hoc
430 1795 466 1850 et
477 1795 606 1850 natura
619 1783 719 1878 prius
732 1795 802 1868 est,
818 1794 881 1851 tua
895 1805 1008 1877 quum
1023 1779 1238 1867 defenderis,

181 1887 326 1958 «aliena
351 1890 402 1957 ire
427 1904 689 1986 oppugnatum.
716 1896 789 1960 Pax
813 1904 897 1961 ante
923 1890 1104 1977 initalia,
1129 1914 1239 1986 quam

183 2028 200 2062 «
213 1998 350 2069 bellum
367 2001 405 2067 in
423 1996 537 2069 Africa
556 2002 621 2088 sit3
641 2016 677 2070 et
696 2000 803 2071 nobis
821 2003 922 2098 prius
941 1989 1092 2073 decedat
1112 2001 1239 2087 timor,

183 2132 321 2204 «quam
341 2108 438 2179 ultro
459 2109 535 2178 aliis
555 2109 739 2181 inferatur.
764 2112 801 2180 si
823 2125 1020 2206 utrumque
1043 2124 1106 2179 tuo
1127 2109 1240 2179 ductu

146 2212 150 2235 ¹
182 2219 445 2314 «auspicioque
468 2217 546 2289 fieri
571 2235 710 2317 potest,
731 2218 933 2291 Hannibale
961 2219 1019 2289 hic
1036 2220 1150 2307 victo,
1168 2217 1241 2289 illic

184 2325 466 2422 «Carthaginem
486 2351 663 2425 expugna.
685 2332 722 2400 Si
741 2331 852 2401 altera
871 2345 950 2400 utra
971 2331 1118 2400 victoria
1138 2330 1241 2405 novis

184 2435 424 2508 «consulibus
440 2439 679 2534 relinquenda
698 2454 771 2525 est,
793 2441 892 2537 prior
909 2464 1025 2535 quum
1040 2438 1156 2532 major
1172 2437 1240 2507 cla-

184 2547 380 2645 «riorque,
406 2564 483 2620 tum
505 2574 610 2622 causa
628 2552 735 2628 etiam
760 2552 984 2646 insequentis
1007 2547 1116 2620 fuerit
1132 2575 1140 2616 z
1155 2571 1240 2617 nam

183 2689 199 2722 «
213 2683 313 2729 nnnc
332 2661 497 2757 quidem,
522 2675 760 2761 praeterquam
784 2659 885 2757 quod
905 2676 940 2731 et
961 2661 997 2729 in
1020 2660 1121 2729 Italia
1145 2673 1181 2729 et
1202 2661 1241 2729 in

183 2767 333 2840 «Africa
356 2770 449 2842 duos
470 2771 630 2850 diversos
650 2772 830 2842 exercitus
851 2768 945 2840 alere
970 2771 1136 2839 aerarium
1165 2791 1240 2837 non

184 2891 351 2974 «potest,
371 2895 610 2977 praeterquam
630 2880 747 2977 quod,
766 2880 864 2951 unde
890 2875 1041 2951 classes⁵
1061 2894 1240 2962 tueamur,

183 3016 201 3051 a
214 2986 312 3057 unde
327 2989 585 3061 commeatibus
605 2989 808 3087 praebendis
827 2987 1061 3076 sufficiamus,
1080 2986 1169 3055 nibil
1188 3010 1240 3055 re-

179 3125 201 3159 -«
215 3095 305 3191 liqui
320 3111 391 3182 est,
414 3099 524 3192 quid?
541 3100 692 3197 periculi
708 3099 854 3170 tandem
874 3113 1052 3194 quantum
1073 3097 1239 3182 adeatur,

184 3235 202 3270 α
215 3201 326 3303 quem
343 3205 453 3276 fallit?
470 3209 507 3274 P.
523 3209 681 3278 Licinius
703 3211 741 3278 in
766 3209 885 3297 ltalia,
908 3213 944 3278 P.
960 3207 1080 3302 Scipio
1104 3204 1241 3275 bellum

184 3345 201 3380 ι(
212 3318 250 3386 in
259 3314 377 3386 Africa
390 3332 501 3412 geret.
511 3315 628 3404 Quid?
644 3320 674 3385 si
688 3318 809 3414 (quod
819 3341 944 3388 omnes
959 3315 1009 3385 dii
1023 3339 1130 3385 omen
1146 3337 1242 3383 aver-

181 3456 199 3491 ιι
213 3440 309 3513 tant,
330 3440 365 3495 et
385 3424 503 3495 dicere
523 3427 630 3496 etiam
647 3426 859 3499 reformidat
881 3428 1041 3513 animus;
1053 3413 1142 3510 sed,
1161 3448 1241 3519 quae

220 3609 244 3655 3.
262 3607 302 3654 Ab
316 3607 435 3670 Drepanis
451 3620 525 3672 atque
536 3609 628 3670 Eryce,
642 3620 689 3656 etc.
735 3625 779 3656 nec
787 3625 834 3673 per
846 3609 902 3657 istos
915 3608 1028 3655 circuitus
1040 3612 1059 3669 (
1065 3620 1104 3664 ut,
1125 3623 1236 3670 quum...

186 3686 242 3734 vide
251 3687 282 3734 ad
294 3688 370 3745 XXI,
383 3703 428 3744 10,
440 3703 465 3735 n.
474 3689 497 3735 8.
734 3691 832 3750 speres)
843 3687 938 3750 potius,
958 3704 1032 3750 quam
1046 3699 1110 3733 recto
1128 3685 1184 3732 hinc
1202 3684 1242 3731 ici-

223 3773 247 3820 4.
257 3766 376 3837 'Nondum
396 3766 433 3823 is,
455 3778 504 3814 tam
522 3767 690 3832 spernendus,
734 3782 804 3822 nere,
819 3766 861 3812 ubi
873 3767 902 3812 H.
913 3777 961 3821 est,
975 3780 1003 3812 eo
1017 3766 1105 3813 bellum
1119 3763 1242 3811 intendis?

187 3854 223 3892 est
231 3844 369 3903 Hannibal,
380 3861 451 3909 quem
457 3862 520 3902 non,
531 3858 615 3894 utnon
627 3861 693 3904 eum,
735 3843 745 3910 (
751 3843 806 3891 vide
812 3844 844 3890 ad
853 3845 930 3902 XXI,
937 3844 962 3901 6,
971 3860 999 3893 n.
1010 3845 1037 3908 5)
1047 3856 1074 3891 ut
1084 3840 1242 3905 necpocius...

187 3921 279 3984 magis,
290 3934 336 3971 etc.
345 3925 408 3971 Mox
416 3926 531 3974 Domita
541 3925 691 3988 interpungit
735 3939 809 3988 quam
823 3923 887 3972 dicta
899 3924 947 3970 sint
957 3938 1019 3987 pro:
1032 3935 1056 3971 et
1066 3924 1180 3980 minime,
1191 3917 1242 3967 sed.

188 4000 279 4051 verba:
296 4002 358 4064 Quin
374 4002 490 4068 (quidni)
508 4004 584 4069 igitur
598 4002 635 4050 ad
646 4001 692 4050 loc
771 4001 795 4049 5.
813 4003 881 4050 Unde
891 4003 978 4050 classes
989 4014 1120 4057 tranantur,⁸
1138 3999 1194 4047 vide
1210 3997 1243 4052 ad

186 4078 296 4144 (bellum
309 4097 363 4128 cum
375 4081 527 4146 Hannibale)
543 4081 690 4145 accingeris,
735 4083 857 4140 XXXIV,
871 4083 901 4142 6,
915 4099 940 4130 n.
952 4082 977 4128 6.
