2768 4574
181 336 304 440 &32:231
342 351 434 452 ms.
461 348 601 416 xxix.
629 348 735 415 car.
761 348 878 415 xxv.
904 348 1043 415 xxvr.
1133 341 1203 441 495

155 497 288 562 cornu,
306 471 451 556 laevum,
471 465 619 537 totidem
632 478 825 559 rostratas,
840 478 876 533 et
895 468 933 534 C.
953 463 1096 534 Laelium
1114 489 1206 563 prae-

156 583 290 656 fectum
304 580 423 650 classis
437 602 518 649 cum
535 580 584 646 M.
603 576 728 646 Porcio
742 578 877 645 Catone
890 571 1068 667 (quoestor
1082 576 1111 644 is
1127 591 1205 645 tum

157 691 254 786 erat)
270 689 441 761 onerariis
459 685 622 757 futurum
634 683 816 781 prasidio.
839 683 992 752 Lumina
1005 683 1042 751 in
1057 683 1207 754 navibus

156 800 296 899 singula
306 813 479 884 rostratae,
493 796 579 867 bina
593 796 763 866 onerariae
776 791 952 863 haberent
967 818 975 861 τ
993 793 1031 862 in
1046 794 1211 889 praetoria

157 936 248 982 nave
270 911 408 1007 insigne
435 921 656 977 nocturnum
675 905 783 975 trium
804 903 982 972 luminum
1008 899 1096 972 lore.
1126 907 1211 972 Em-

157 1022 260 1118 poria
282 1035 328 1090 ut
343 1028 543 1116 peterent⁷,
559 1011 862 1111 gubernatoribus
884 1011 1002 1083 edixit.
1025 1011 1212 1083 Fertilissi-
1291 1094 1301 1117 χ

157 1154 239 1200 mus
253 1155 354 1227 ager,
373 1151 490 1223 eoque
508 1124 696 1196 abundans
714 1125 875 1194 omnium
895 1124 999 1220 copia
1014 1146 1137 1193 rerum
1157 1140 1211 1196 est

121 1228 126 1240 ¹
159 1240 259 1335 regio
273 1253 309 1308 et
323 1235 484 1307 imbelles
500 1233 622 1330 (quod
640 1233 853 1329 plemmque
869 1233 908 1301 in
923 1232 1026 1303 uberi
1040 1256 1124 1328 agro
1138 1258 1215 1304 eve·
1273 1256 1276 1263 ’

160 1346 233 1441 nit)
246 1344 392 1416 Barbari
405 1357 507 1431 sunt;
521 1344 714 1440 priusque,
730 1367 837 1438 quam
851 1341 1068 1439 Carthagine
1083 1341 1213 1413 subve-

160 1456 318 1541 niretur,
337 1453 492 1550 opprimi
504 1452 718 1523 videbantur
732 1477 848 1550 posse.
861 1454 907 1522 Iis
919 1452 1023 1522 editis
1037 1454 1214 1550 imperiis,

161 1564 279 1635 redire
299 1561 345 1632 ad
368 1587 475 1633 naves
489 1561 600 1656 jussi3
622 1577 658 1632 et
678 1576 823 1659 postero
846 1560 922 1650 die,
942 1562 1018 1633 deis
1040 1561 1133 1633 bene
1152 1563 1213 1658 ju-

161 1671 346 1758 vantibus,
366 1673 465 1767 siguo
482 1671 566 1742 dato
587 1671 723 1743 solvere
745 1696 863 1743 naves.

209 1785 337 1854 XXVI.
368 1781 488 1852 Multae
508 1782 634 1852 classes
652 1805 809 1850 romanae
830 1807 849 1850 e
870 1779 988 1850 Sicilia
1006 1794 1115 1876 atque
1136 1783 1215 1878 ipso

163 1889 225 1960 illo
243 1903 351 1988 portu
368 1888 535 1987 profectae
553 1905 665 1960 erant.
686 1894 960 1960 Caeterum-non
978 1915 1022 1960 eo
1040 1888 1138 1960 bello
1159 1916 1218 1961 so-

163 1999 240 2069 lum
264 2001 355 2095 (uec
376 1997 414 2067 id
439 1999 588 2084 mirum,
616 1996 813 2093 praedatum
840 2000 937 2068 euim
966 1998 1217 2069 tantummodo

164 2108 343 2206 pleraeque
358 2108 485 2178 classes
501 2106 659 2201 ierant),
678 2106 738 2176 sed
758 2133 804 2178 ne
820 2109 939 2205 priore
960 2107 1125 2203 quidem,
1146 2107 1220 2176 ulla

164 2215 341 2314 profectio
359 2216 450 2286 tanti
466 2215 658 2312 spectaculi
676 2213 753 2285 fuit.
784 2220 1020 2311 Quanquam,
1039 2217 1068 2287 si
1086 2217 1220 2313 magni-

165 2326 293 2397 tudine
306 2326 424 2397 classis
439 2326 690 2412 aestimaretur,
703 2339 739 2395 et
753 2322 831 2394 bini
843 2317 1009 2395 consules
1026 2349 1108 2394 cum
1125 2324 1221 2397 binis

130 2533 132 2536 Ι
165 2434 384 2508 exercitibus
394 2450 477 2507 ante
488 2435 701 2530 trajecerant
712 2445 737 2523 ¹3
748 2449 783 2506 et
793 2428 907 2532 prope
923 2435 1073 2506 totidem
1087 2450 1220 2506 rostra-

167 2561 211 2615 tae
225 2547 264 2615 in
277 2545 346 2614 illis
359 2545 531 2616 classibus
549 2542 709 2633 fuerant,
726 2558 816 2639 quot
829 2544 1002 2613 onerariis
1012 2543 1131 2638 Scipio
1145 2555 1222 2610 tum

164 2653 374 2747 trajiciebat.
404 2659 514 2740 Nam,
534 2668 662 2750 praeter
680 2651 917 2749 quadraginta
942 2652 1066 2745 longas
1091 2673 1219 2736 naves,

97 2806 101 2811 -
166 2761 438 2858 quadringentis
454 2760 565 2832 fenne
584 2762 757 2831 onerariis
777 2759 996 2829 exercitum²
1013 2759 1219 2826 transvexit.
1256 2762 1279 2855 f

167 2869 238 2940 Sed
262 2861 299 2940 et
326 2867 462 2938 bellum
481 2866 596 2955 bellu,
619 2867 818 2938 secundum
840 2866 979 2963 priore,
1006 2879 1046 2935 ut
1068 2867 1222 2938 atrocius

169 3038 201 3085 ab
215 3037 302 3084 dextro
315 3051 405 3092 coma,
419 3005 504 3083 loeeum
515 3051 603 3094 cornu,
622 3034 675 3082 scil.
754 3035 814 3084 Car.
824 3036 919 3084 xxvl.
927 3035 982 3082 nst
989 3035 1155 3101 magnitudine
1163 3038 1225 3085 clas-

94 3138 97 3145 ¹
167 3115 270 3164 tetidem
283 3125 416 3171 rostratas,
434 3124 480 3162 eto.
507 3114 583 3162 lelulti
602 3113 676 3162 codd.
719 3113 752 3162 sis
764 3114 817 3162 haec
833 3114 953 3178 Scipionis
967 3114 1134 3172 aestimaretur,
1146 3127 1170 3162 et
1178 3115 1229 3164 bini

170 3195 202 3241 ab
222 3195 290 3242 laevo.
309 3192 358 3241 Sed
380 3192 421 3238 illa
438 3192 553 3240 orationis
574 3192 677 3241 varietas
720 3193 828 3241 consules
850 3209 904 3240 eum
925 3192 986 3240 bairis
1006 3193 1149 3240 exercitibus
1170 3207 1232 3261 ante·

169 3272 242 3337 longe
255 3272 399 3336 elegantium
410 3272 488 3321 Gron.
720 3271 879 3337 trajecerant,
890 3288 924 3321 sc.
933 3287 956 3318 a.
967 3273 1000 3320 U.
1012 3271 1075 3329 466,
1084 3273 1112 3320 L.
1122 3273 1229 3321 Manlius

181 3372 185 3381 ¹
207 3366 231 3410 7.
251 3350 369 3415 Emporia
388 3361 415 3397 ut
429 3361 555 3413 petemus,-
570 3349 628 3397 vide
646 3349 678 3396 ad
720 3350 968 3399 VulsoetM.Atiline
976 3349 1229 3412 Reguluseumclaeee

156 3429 247 3487 'm
262 3430 310 3488 6ο,
328 3446 352 3478 n.
366 3445 388 3476 1.
399 3455 434 3464 -
446 3431 502 3476 Hoc
512 3428 575 3476 ‚loco
588 3429 679 3491 Empo-
722 3428 1231 3490 CCCXXXuaviomlongarumtcctarum·

171 3507 211 3553 ria
223 3508 305 3553 vocari
316 3508 424 3556 litorales
436 3517 597 3554 mercatorum
609 3505 679 3554 sedes
724 3524 784 3571 que,
795 3518 819 3554 et
831 3509 897 3556 CXL
908 3506 1015 3554 millibus
1027 3507 1147 3566 militum
1163 3524 1186 3555 a.
1197 3509 1230 3558 U.

171 3595 243 3649 putat
253 3584 402 3645 Glareanus,
419 3602 472 3634 nou
482 3585 512 3634 de
520 3583 680 3649 Emporiiead
725 3594 784 3648 497,
796 3586 833 3632 M.
843 3584 953 3631 AEmilius
963 3595 988 3632 et
1002 3587 1052 3632 Ser.
1064 3585 1163 3632 Fulvius
1175 3601 1231 3633 cum

173 3663 265 3727 Syrtim
278 3664 425 3727 mentionem
442 3663 508 3724 lieri;
521 3679 600 3728 neque
615 3663 680 3710 enim
725 3664 867 3715 cccmuv
886 3663 926 3709 vel
942 3662 1003 3710 adeo
1020 3665 1147 3712 CDLXIV
1163 3667 1232 3712 navi·

172 3742 200 3788 in
218 3756 273 3787 eum
291 3739 374 3788 locum
392 3741 476 3804 Scipio
494 3743 612 3802 divertit3
632 3741 681 3788 nisi
724 3742 861 3791 bus-Confi
873 3741 962 3806 Polyb.
973 3742 998 3799 1,
1010 3741 1056 3798 25,
1078 3741 1123 3800 26,
1136 3743 1181 3802 36,
1195 3744 1227 3805 37

172 3818 228 3882 quis
241 3817 305 3865 dicat
312 3817 418 3866 voluisse
429 3819 487 3868 illuc
497 3821 637 3885 Scipionem
647 3819 681 3866 di·
724 3821 829 3888 (adquae
839 3821 892 3867 loca
901 3819 952 3866 vid.
959 3817 1118 3884 Schweigh.);
1128 3821 1230 3889 Eutrop.

172 3907 282 3952 vertere,
301 3895 344 3943 sed
364 3912 416 3947 nou
436 3899 552 3960 potuisse.
574 3901 619 3947 Eo.
643 3925 678 3934 -
723 3903 822 3960 11,aa;
836 3900 909 3946 Oros.
921 3900 967 3956 IV,
983 3913 1008 3959 9.

174 3972 249 4034 Quod
250 3973 394 4037 plerumque
403 3973 428 4020 in
440 3975 507 4024 tiberi
516 3993 577 4041 agro
590 3975 681 4031 ermis,-
759 3995 785 4026 a.
799 3982 891 4024 Prceter
899 3978 944 4023 XL
957 3977 1042 4040 longas
1053 3971 1147 4035 naver)
1156 3977 1233 4028 CCCC

174 4051 233 4098 vide
246 4051 277 4101 ad
291 4053 342 4112 nt,
355 4052 401 4109 13,
415 4067 440 4101 n.
448 4067 473 4100 a.
718 4057 801 4124 ferme
812 4054 930 4103 onerariis
942 4053 1073 4125 exereitum
1086 4058 1233 4115 transvexit:
