2768 4574
187 292 311 407 3323}ss
342 316 433 381 mn.
457 315 599 381 xxix.
626 314 733 381 car.
758 316 879 382 xvu.
902 317 1048 386 xvur.
1146 322 1218 415 lto

159 470 175 503 a
190 464 284 536 nego
304 438 452 508 domum
466 431 576 503 ullam
591 433 731 520 Locris,
750 457 842 529 nego
861 460 1079 533 quemquam
1100 439 1216 512 homi·

159 573 273 619 «nem
295 557 479 644 expertem
497 541 635 636 injuriae
653 565 747 628 esse;
765 566 858 639 nego
875 543 989 615 ullum
1003 572 1118 644 genus
1136 575 1214 624 sce·

160 798 176 831 a
194 771 266 865 pati
280 766 451 866 potuerit,
465 761 739 859 praetermissum
751 763 878 831 sit.Vix
889 763 979 833 ratio
991 765 1073 835 iniri
1083 782 1216 863 potest,

160 907 177 941 a
192 891 273 948 uter
298 900 398 947 casus
426 872 575 943 civitatis
599 872 643 940 sit
670 869 933 959 detestabilior,
954 898 1068 969 quum
1095 875 1217 950 hostes

160 1017 177 1050 a
191 984 287 1057 bello
310 983 438 1054 urbem
457 1004 604 1076 cepere,
626 1004 671 1049 an
693 1005 807 1075 quum
831 978 1021 1051 exitiabilis
1043 996 1217 1078 tyrannus

159 1127 175 1159 a
188 1099 221 1166 vi
242 1110 350 1192 atque
370 1091 477 1162 armis
496 1091 685 1186 oppressit.
712 1091 859 1177 Omnia,
881 1115 961 1186 quae
978 1107 1088 1189 captae
1107 1093 1217 1167 urbes

158 1237 175 1270 u
189 1207 386 1304 patiuntur,
400 1201 492 1299 passi
515 1223 656 1286 sumus,
672 1214 707 1270 et
725 1225 837 1296 quum
856 1199 1033 1273 maxime⁶
1049 1200 1217 1300 patimur,

158 1320 309 1386 «Patres
336 1310 547 1407 conscripti;
571 1310 710 1397 omnia,
739 1334 820 1405 quae
846 1311 1082 1383 crudelissimi
1108 1329 1216 1411 atque

159 1421 486 1522 «importunissimi
512 1419 654 1514 tyranni
683 1419 816 1490 scelera
841 1422 879 1490 in
907 1445 1097 1518 oppressos
1122 1424 1216 1494 cives

158 1565 174 1597 a
188 1533 318 1619 edunt,
336 1530 530 1600 Pleminius
552 1528 589 1596 in
609 1551 675 1596 nos
694 1526 899 1626 liberosque
918 1546 1061 1603 nostros
1078 1547 1114 1604 et
1130 1557 1216 1604 con-

159 1643 284 1736 «juges
304 1637 426 1709 edidit.

206 1755 332 1821 XVlll.
351 1780 366 1812 n
380 1754 502 1820 Unum
515 1760 586 1832 est,
603 1745 649 1815 de
661 1771 736 1841 quo
748 1749 962 1818 nominatim
982 1764 1018 1821 et
1031 1776 1099 1821 nos
1112 1753 1217 1847 queri

159 1890 174 1923 «
189 1859 315 1956 religio
330 1855 441 1927 infixa
454 1855 580 1926 animis
591 1869 703 1951 cogat,
718 1869 753 1925 et
767 1881 830 1925 vos
840 1857 975 1945 audire,
986 1874 1021 1930 et
1033 1861 1216 1933 exsolvere

159 1967 448 2064 «rempublicam
467 1978 619 2034 vestram
641 1964 851 2062 religione¹,
872 1969 901 2037 si
924 1970 972 2039 ita
997 1969 1100 2040 vobis
1117 1971 1216 2045 vide-

158 2107 173 2139 «
188 2076 297 2162 bitur,
310 2075 475 2160 velimus,
490 2077 610 2142 Patres
621 2075 995 2169 conscripti.Vi‹limus
1005 2078 1117 2167 enim,
1133 2104 1216 2150 cum

159 2199 322 2280 «quanta
346 2181 548 2253 ceremonia
570 2205 645 2250 non
664 2196 801 2251 vestros
823 2184 940 2254 solum
964 2186 1087 2258 colatis
1109 2188 1215 2277 deos,

159 2294 251 2365 «sed
278 2295 383 2365 etiam
402 2305 570 2363 externos
588 2291 776 2387 accipiatis.
799 2295 935 2363 Fanum
956 2310 1010 2366 est
1032 2299 1130 2394 apud
1150 2324 1217 2371 nos

159 2404 431 2500 «Proserpinae,
458 2399 504 2470 de
530 2399 635 2495 cujus
661 2400 846 2471 sanctitate
870 2405 996 2501 templi
1018 2408 1127 2478 credo
1149 2410 1215 2479 ali·

158 2538 302 2608 «quam
330 2511 460 2584 famam
483 2509 528 2580 ad
552 2533 618 2580 vos
640 2509 842 2606 pervenisse
865 2512 992 2607 Pyrrhi
1014 2512 1131 2602 bell0;
1150 2519 1215 2612 qui

157 2647 318 2717 «quum,
333 2647 378 2692 ex
396 2619 512 2691 Sicilia
528 2618 685 2706 rediens,
702 2623 835 2690 Locros
854 2620 962 2693 classe
980 2625 1215 2718 praetervehe-

156 2760 171 2793 u
188 2744 299 2810 retur,
317 2731 411 2797 inter
431 2727 498 2797 alia
518 2725 631 2812 loeda,
652 2753 732 2825 quae
750 2743 900 2825 propter
917 2728 1025 2800 fidem
1048 2756 1131 2828 erga
1149 2758 1213 2804 vos

156 2870 171 2903 a
187 2839 225 2908 in
240 2839 418 2909 civitatem
433 2850 592 2905 nostram
601 2835 758 2907 facinora
770 2837 913 2924 edidiu,
928 2836 1112 2910 thesauros
1125 2867 1214 2937 quo-

156 2973 257 3044 «que
285 2947 521 3042 Proserpinae,
540 2947 693 3018 intactos
718 2945 763 3016 ad
789 2969 867 3015 eam
891 2945 1002 3034 diem,
1029 2949 1213 3046 spoliavit,

157 3088 172 3121 a
188 3071 297 3155 atque
314 3058 378 3140 ita,
395 3056 550 3152 pecunia
565 3055 603 3124 in
621 3079 729 3126 naves
748 3055 932 3151 imposita,
951 3054 1027 3152 ipse
1046 3071 1137 3127 terra
1160 3072 1214 3130 est

156 3198 172 3231 «
186 3166 377 3266 profectus.
391 3165 490 3255 Quid
503 3190 590 3264 ergo
605 3169 738 3252 evenit,
753 3169 873 3236 Patres
892 3166 1106 3263 conscripti?
1118 3168 1213 3239 Clas·

190 3335 215 3383 6.
226 3336 260 3381 Et
268 3350 342 3398 quum
348 3331 456 3379 maxime
461 3331 580 3395 patimur,
591 3347 664 3394 quum
699 3330 778 3397 fidem
789 3342 897 3379 nostram
907 3347 966 3395 erga
979 3346 1024 3377 uos
1031 3331 1144 3379 ...edidit
1155 3333 1215 3398 Pyr·

155 3415 275 3472 maxime,
285 3414 325 3460 vel
336 3411 418 3476 potius
427 3420 454 3457 ut
463 3425 538 3472 quum
550 3410 663 3457 maxime.
706 3408 776 3467 rhus,
785 3420 887 3473 propter
898 3409 960 3455 iram
972 3409 998 3455 in
1013 3411 1155 3469 Locrenses,
1170 3413 1213 3475 qui

155 3493 228 3539 Conl.
240 3491 332 3539 Duker.
345 3501 370 3538 et
382 3487 505 3536 Drakenb.
518 3486 550 3534 ad
562 3487 587 3535 h.
599 3487 618 3535 l.
632 3487 663 3534 nd
706 3487 845 3550 praesidium
859 3488 910 3546 ejus
925 3502 980 3535 cum
994 3488 1147 3551 praefectust
1161 3491 1214 3552 qui·

154 3571 267 3626 mn,
278 3577 294 3624 4
304 3586 342 3632 pr.
352 3581 376 3617 et
384 3571 441 3628 XL,
455 3568 483 3615 13
494 3567 558 3630 inpr.
568 3566 663 3614 Ernesti
706 3563 752 3611 bus
763 3565 849 3612 multas
860 3563 925 3626 passi
938 3564 1032 3612 fuerant
1045 3565 1156 3624 injurias,
1167 3566 1212 3614 ob-

154 3647 221 3695 Clav.
237 3648 289 3695 Cic.
304 3664 360 3695 voc.
375 3646 545 3696 cummaxime.
565 3672 600 3682 -
613 3648 662 3692 Im·
707 3652 895 3700 truncaverant3
912 3640 964 3688 vid.
984 3642 1090 3706 Appian.
1110 3644 1211 3694 Samnit.

149 3725 317 3789 portuuissr'mi
333 3728 448 3786 tyrannu-
471 3724 527 3772 vidc
545 3739 617 3787 supra
631 3723 662 3771 ud
706 3723 847 3776 Exe.x11‚
869 3735 894 3776 ι,
916 3735 948 3778 a,
970 3732 994 3768 ct
1016 3722 1097 3784 Hcyn.
1119 3722 1211 3785 Opusc.

154 3806 186 3861 V,
204 3821 273 3860 a,n.
287 3804 310 3850 5.
707 3799 783 3846 Acad.
798 3801 868 3855 t.11,
884 3798 994 3860 pag.58.
1020 3825 1055 3834 -
1079 3797 1213 3848 Thesauros
1299 3849 1302 3855 ,

190 3883 252 3931 Car.
265 3880 537 3928 xvt11.1.t“xsolvere
545 3895 619 3944 remp.
627 3894 663 3926 re·
709 3894 804 3940 quoqne
828 3875 980 3938 Proserpinae
1008 3876 1139 3939 spoliavit,·
1163 3879 1213 3929 vid.
1314 3880 1318 3885 ’

156 3960 262 4026 ligione5
275 3960 332 4006 vide
342 3957 373 4005 ad
383 3960 415 4017 V,
428 3959 471 4017 23,
484 3975 508 4007 n.
519 3961 543 4007 8.
709 3956 815 4020 Appiam.
825 3965 848 4003 et
862 3956 944 4020 Heyn.
955 3953 982 4002 ll.
994 3954 1020 4002 ll.
1034 3979 1069 3992 -··
1081 3959 1137 4021 Ipso
1149 3970 1214 4007 terra

191 4055 215 4085 a.
231 4041 299 4085 luter
318 4038 370 4084 alia
384 4036 473 4101 soeda,
497 4054 551 4100 qnoe
565 4046 667 4100 propter
711 4047 744 4080 est
761 4032 885 4098 profectus
901 4051 910 4098 ς
928 4033 1004 4080 immo
1023 4033 1070 4098 leg.
1087 4038 1216 4084 Tarentum
