2768 4574
165 352 205 398 ιο
586 331 625 396 r.
650 331 788 397 airu
1074 316 1193 427 litt:

156 450 281 521 ditano
294 449 485 546 imperium
497 450 765 548 provinciaeque
777 454 912 522 Lucani
925 469 961 524 et
976 454 1121 526 Galliael
1136 485 1219 530 cum

156 562 229 632 suis
256 558 472 630 exercitibus
498 575 697 657 prorogatae
724 563 843 632 :item
876 568 909 632 P.
935 566 1110 654 LeutuIO,
1147 594 1220 664 qua

155 685 258 742 vetus
276 671 461 768 provincia
478 670 516 738 in
536 671 653 741 Sicilia
671 686 781 760 esset;
803 676 851 743 Μ.
876 675 1046 746 Marcello
1068 681 1218 783 Syracu·-

157 805 222 870 sae,
237 797 273 852 et
284 806 357 879 qua
368 781 533 851 Hieronis
542 806 696 879 regnum
712 781 899 855 fuisset:T.
916 787 1067 857 Otacilio
1082 788 1218 859 classis:

160 894 296 963 Graecia
306 891 518 963 M.Valerio:
536 892 697 963 Sardinia
711 896 755 982 Q.
767 896 888 965 Mucio
902 897 1082 966 Scaevolae:
1096 900 1219 995 Hispa-

157 1004 226 1072 niae
242 1009 277 1073 P.
294 1018 330 1073 ct
344 1007 408 1073 Cn.
420 1001 596 1073 Corneliis
609 997 634 1071 ⁵.
647 1002 701 1073 Ad
712 1019 851 1077 veteres
866 1005 1044 1078 exercitus
1061 1008 1140 1077 duae
1159 1033 1220 1078 nr·

157 1112 260 1184 banae
273 1114 431 1211 legiones
448 1137 467 1183 a
484 1112 695 1184 consulibus
712 1116 867 1212 scriptae,
883 1130 1096 1215 summaque
1110 1121 1221 1188 trium

157 1239 194 1295 et
208 1225 332 1322 viginti
348 1223 533 1321 legionum
547 1248 591 1294 co
608 1246 703 1293 anno
718 1222 845 1295 effecta
860 1241 922 1297 cst.
938 1229 1126 1298 Deiectum
1142 1253 1223 1298 con·

113 1414 117 1423 ,
158 1337 279 1408 sulum
292 1341 342 1407 M.
359 1335 534 1406 Postumii
550 1337 737 1432 Pyrgensis
749 1361 830 1406 cum
846 1362 977 1434 magno
992 1364 1107 1438 prope
1119 1353 1223 1410 motu

158 1473 279 1519 rerum
298 1446 432 1519 factum
457 1447 632 1544 impediit.
660 1446 876 1519 Publicanus
902 1464 978 1519 erat
1003 1451 1222 1537 Postumius,

158 1561 222 1658 qui
239 1558 365 1639 ,multis
384 1559 487 1629 annis
508 1582 633 1657 parem
654 1555 779 1628 fraude
800 1559 1019 1655 avaritiaque
1041 1561 1224 1630 neminem

156 1673 196 1742 in
214 1671 355 1742 civitate
373 1669 569 1757 habuerat,
589 1683 717 1765 praeter
735 1673 774 1738 T.
795 1671 1036 1767 Pomponium
1055 1672 1224 1741 Veienta-

156 1808 262 1870 num,
283 1807 409 1878 quem,
435 1780 674 1878 populantem
697 1794 832 1850 temere
855 1806 959 1878 agros
986 1783 1024 1850 in
1049 1783 1223 1869 Lucania,

156 1895 269 1965 ductu
276 1893 465 1963 Hannonis
476 1892 596 1987 priore
611 1915 707 1960 anno
720 1907 890 1988 ceperant
902 1891 1222 1990 Carthaginienses.

157 2007 224 2091 Hi,
250 2003 335 2099 quia
354 2000 543 2099 publicum
563 2002 765 2099 pericnlum
785 2018 860 2073 erat
879 2028 899 2073 a
921 2000 980 2072 vi6
1003 2004 1226 2099 tempestatis

156 2117 195 2185 in
211 2115 272 2202 iis,
290 2139 370 2211 quae
383 2127 615 2210 portarentur
629 2112 674 2183 ad
688 2116 882 2203 exercitus,
899 2129 935 2186 et
946 2115 1109 2186 ementiti
1123 2127 1225 2184 erant
1304 2123 1309 2136 '

157 2224 245 2295 falsa
263 2223 466 2320 naufragia,
489 2237 526 2294 et
543 2247 585 2293 ea
603 2224 698 2320 ipsa,
719 2249 799 2320 quae
817 2250 900 2294 vera
913 2226 1224 2310 renuntiaverant,

157 2333 284 2406 fraude
299 2337 458 2432 ipsorum
474 2332 567 2404 facta
581 2347 700 2422 crant,
716 2359 793 2403 nou
807 2339 957 2404 casulo
974 2347 1112 2403 veteres
1127 2356 1227 2428 quas-

159 2470 289 2542 sasque
316 2470 423 2516 naves
445 2445 568 2543 paucis
590 2458 626 2514 et
648 2445 750 2541 parvi
770 2444 876 2540 pretii
900 2440 1009 2513 rebus
1032 2441 1225 2538 impositis,

159 2580 275 2652 quum
293 2557 501 2628 mersissent
522 2578 580 2626 eas
601 2555 639 2623 in
662 2554 754 2642 alto,
774 2554 933 2650 exceptis
952 2549 1002 2623 in*
1013 2566 1226 2650 praeparatas

196 2744 220 2791 4.
233 2735 411 2799 Provinciccque
420 2733 516 2781 Lucani
528 2745 552 2781 ct
566 2731 672 2780 Gallice:
716 2735 743 2780 P.
754 2733 836 2796 Scipio
845 2733 871 2778 in
882 2729 1024 2795 Hispaniam
1032 2730 1125 2788 venit,a
1133 2728 1227 2793 populo

159 2819 186 2865 in
195 2804 241 2864 MS
252 2806 317 2865 Flor.
327 2831 340 2862 a
349 2831 421 2861 manu
430 2812 536 2860 secunda
546 2811 671 2868 Lucaniae,
717 2823 785 2860 extra
797 2810 908 2859 ordinem
923 2808 1020 2868 datum,
1032 2825 1107 2872 quum
1118 2809 1228 2872 privatus

159 2896 231 2962 prob.
247 2895 368 2942 StrothIo.
381 2893 524 2941 Praestiterit
537 2889 650 2937 Lucania
663 2907 673 2936 :
717 2902 788 2939 esset.
798 2890 845 2938 Sed
858 2889 907 2936 hoc
921 2905 1040 2953 nusquam
1052 2899 1106 2936 unte
1116 2887 1228 2952 prodidit

160 2966 573 3040 sedctpopulns,adversusquem
582 2970 673 3016 bellum
717 2971 808 3019 Livius.
833 2969 938 3032 Utrique
957 2967 1113 3032 imperatores
1132 2964 1229 3013 romani

161 3057 267 3120 geritur,
279 3053 409 3120 provincia
422 3051 554 3116 saepissime
567 3049 671 3106 dicitur,
717 3061 837 3097 vocantur
849 3048 935 3108 XXV,
952 3050 996 3107 32,
1015 3049 1063 3107 375
1079 3046 1182 3102 XXVI,
1193 3060 1206 3090 2
1218 3078 1227 3104 ,

159 3148 188 3184 ut
205 3151 278 3200 snpra
293 3133 369 3181 Tusci.
387 3134 434 3178 Pto
454 3130 544 3178 Galliae
562 3129 673 3192 quaedam
719 3136 766 3188 413
780 3128 823 3176 sed
835 3127 870 3176 ita
885 3143 983 3192 quoque
996 3126 1109 3188 magister
1119 3124 1227 3186 equitum

161 3215 217 3263 edd.
229 3225 289 3261 antt.
301 3211 399 3266 Gallia,
410 3209 513 3267 rectius,
524 3218 600 3272 pnto;
615 3207 673 3255 vide
691 3208 693 3221 '
716 3209 795 3266 VIII,
808 3210 855 3267 3ο,
867 3209 907 3255 33.
918 3229 930 3248 »
949 3205 1014 3252 Duk.
1029 3230 1065 3239 -
1081 3201 1227 3250 Publicanus

161 3295 193 3342 ad
204 3294 301 3349 XXIV,
313 3299 360 3350 44,
369 3306 393 3336 n.
405 3305 429 3337 2.
440 3314 475 3324 -·-
487 3289 542 3349 Qua
554 3298 623 3349 parte
632 3303 673 3334 ve·
717 3300 771 3335 erat
785 3287 920 3335 Postumius
925 3303 935 3341 ;
947 3282 1003 3330 vide
1015 3281 1044 3328 ad
1054 3282 1086 3338 V,
1106 3282 1151 3338 23,
1165 3297 1190 3328 n.
1201 3281 1226 3328 6.

161 3386 198 3422 tus
209 3370 338 3437 provincia
352 3369 377 3416 in
391 3367 474 3415 Sicilia
486 3378 561 3422 esset;
573 3365 629 3413 vide
641 3366 674 3412 ad
716 3395 752 3405 -
772 3370 798 3414 T.
813 3362 971 3428 Pomponium
987 3360 1161 3416 Veientanum,
1181 3371 1227 3430 etc.

161 3454 260 3511 XXIV,
272 3457 320 3508 44,
333 3464 360 3495 n.
374 3449 397 3494 3.
415 3474 450 3483 -
465 3447 606 3510 Syracmm
616 3445 674 3494 vide
717 3448 781 3495 Vide
796 3463 850 3510 cap.
862 3460 884 3492 1.

163 3533 195 3580 ad
208 3534 247 3587 11,
261 3538 307 3589 4ο,
317 3544 344 3577 n.
353 3543 377 3589 9.
752 3527 777 3573 6.
795 3523 831 3571 Hi
846 3520 1004 3587 (Postumius
1015 3530 1039 3567 et
1049 3516 1227 3582 Pomponius),

198 3613 222 3660 5.
238 3607 366 3672 Hispanico
384 3605 497 3672 (citerior
516 3619 541 3654 et
556 3603 674 3670 ulterior)
718 3605 778 3669 quia
790 3602 916 3666 publicum
931 3599 1068 3663 periculum
1088 3608 1142 3644 erat
1165 3614 1182 3643 a
1201 3598 1230 3644 oi

161 3695 190 3739 P.
200 3701 224 3748 et
235 3689 278 3736 Cn.
290 3686 405 3734 Corneliis
416 3685 580 3750 Scipionibus.
592 3707 605 3726 «
616 3686 675 3733 Non
700 3702 702 3709 ¹
719 3681 866 3746 tempestatis
872 3699 882 3737 ,·
891 3680 947 3727 vide
958 3678 989 3726 ad
999 3680 1100 3734 XXIII,
1112 3685 1145 3738 49
1154 3712 1160 3734 ,
1169 3693 1194 3724 u.
1204 3693 1229 3735 2,

159 3765 388 3834 liquet,quomodo
397 3765 520 3829 Hispaniae
533 3776 672 3829 prorogatae
715 3762 760 3810 uhi
782 3759 892 3808 similiter
914 3776 927 3805 a
950 3756 1087 3821 publicanis
1108 3756 1230 3803 conducta

158 3850 252 3902 baetim
265 3847 311 3895 Cn.
322 3845 441 3910 Scipioni,
458 3845 500 3908 qui
513 3845 606 3907 legatus
619 3855 672 3890 tan-
716 3841 817 3903 legimus
830 3839 924 3895 omnia,
933 3837 969 3883 ad
978 3835 1096 3883 exercitus
1101 3835 1230 3898 portanda

161 3942 213 3982 tum
226 3926 306 3975 fratris
318 3925 392 3972 fuisse
400 3923 513 3982 videtur3
526 3922 584 3970 vide
592 3924 673 3980 XXI,
718 3920 829 3968 navibus.
843 3917 935 3966 Confer
944 3931 1015 3979 supra
1025 3914 1057 3962 ad
1065 3916 1097 3971 V,
1110 3916 1157 3973 23,
1167 3929 1192 3959 n.
1204 3915 1229 3961 6.

165 4025 207 4068 17,
222 4009 268 4064 32,
281 4012 326 4064 4ο;
339 4005 434 4061 XXII,
454 4019 494 4050 22.
510 4005 583 4048 Forte
600 4001 674 4064 impe·
717 4026 753 4035 —-
771 3997 888 4045 Ementiti
905 4006 975 4043 erant
989 3993 1062 4059 falsa
1077 3991 1210 4057 narifragia
1220 4009 1230 4037 .·

161 4090 224 4144 rium
235 4087 258 4135 ei
270 4095 327 4150 post
336 4100 375 4132 an.
386 4083 448 4132 Urb.
460 4081 533 4130 cond.
546 4080 609 4138 536,
622 4094 673 4142 quo
717 4079 752 4126 ita
763 4077 851 4142 optimi
862 4074 939 4134 MSS',
953 4091 1003 4127 non
1011 4074 1086 4139 jacta
1095 4089 1119 4119 u.
1127 4090 1137 4127 ,·
1146 4086 1227 4133 neque
