2768 4574
138 274 144 284 “
207 294 327 400 3133&
362 315 520 381 einen
549 313 729 379 xxvru.
758 313 866 379 cue.
893 311 1079 377 xxxin.
1169 304 1238 390 405

228 439 390 504 XXXIII.
410 433 463 504 Ab
482 433 549 504 hac
568 435 731 503 oratione
751 431 914 502 dimissos
936 430 981 500 ad
999 433 1067 501 iter
1088 455 1125 501 se
1141 454 1240 500 com·
1291 515 1294 524 Ι

181 547 359 644 pararein
372 545 468 616 diem
484 561 668 642 posterum
680 541 802 637 jubet,
821 540 1078 638 profectusque
1093 541 1242 612 decimis

181 657 323 725 castris¹
347 655 512 751 pervenit
534 655 578 725 ad
595 652 742 724 Iberum
760 651 898 722 flumen
916 678 922 718 :
940 651 1043 736 inde,
1071 665 1242 748 superato

181 765 297 847 amni,
312 763 370 834 die
385 777 515 861 quarto
528 765 566 832 in
581 777 778 860 conspectu
794 761 953 833 hostium
969 763 1091 858 posuit
1107 775 1242 832 castra:

182 900 330 972 campus
348 889 431 945 ante
451 872 635 944 montibus
653 876 746 944 circa
760 888 884 970 septus
903 888 989 944 erat.
1007 878 1049 943 In
1068 897 1147 942 eam
1167 873 1243 942 val-

182 985 253 1057 lem
271 987 389 1083 Scipio
405 987 518 1082 quum
540 1009 692 1081 pecore,
709 998 810 1080 rapta
827 983 1000 1081 pleraque
1021 1007 1064 1052 ex
1083 982 1258 1061 hostium,

183 1097 295 1191 agris,
318 1096 473 1192 propelli
497 1093 543 1164 ad
564 1094 775 1165 irritandam
802 1093 980 1165 feritatem
1003 1091 1245 1164 Barbarorum
1325 1167 1328 1171 ,

179 1205 359 1298 jussisset,
379 1205 504 1277 velites
524 1205 684 1278 subsidio
696 1207 804 1276 misit.
821 1210 850 1276 A
864 1205 996 1302 quibus
1008 1205 1074 1276 ubi
1089 1231 1154 1303 per
1166 1230 1247 1303 pro·

182 1317 424 1387 cursationem
438 1319 626 1388 commissa
637 1341 758 1414 pugna
770 1331 879 1405 esset,
891 1317 1040 1388 Laelium
1052 1342 1132 1388 cum
1146 1317 1246 1413 equi-

184 1439 259 1495 tatu
281 1427 457 1523 impeturn
481 1452 525 1496 ex
548 1425 692 1498 occulto
713 1423 830 1496 facere
848 1423 963 1518 jubet.
984 1430 1090 1496 Mons
1110 1447 1244 1521 oppor-

183 1551 271 1606 tune
286 1537 498 1636 promincns
512 1539 675 1632 equitum
688 1535 834 1605 insidias
848 1537 937 1604 texit
954 1561 961 1602 ε
978 1559 1045 1604 nec
1059 1533 1131 1603 ulla
1146 1557 1247 1605 mora

183 1671 314 1743 pugnae
329 1644 420 1717 facta
440 1660 504 1717 est.
522 1648 670 1744 Hispani
684 1647 723 1715 in
738 1658 932 1741 conspecta
951 1644 1077 1740 procul
1096 1667 1246 1740 pecora,

185 1758 309 1828 velites
322 1758 360 1826 in
375 1758 551 1854 Hispanos
570 1755 691 1854 pracda
703 1770 900 1853 occupatos
914 1757 1111 1824 incurrere.
1127 1754 1246 1824 Primo

186 1866 378 1938 missilibus
398 1869 627 1953 territavere3
651 1865 801 1950 deinde,
823 1866 958 1935 emissis
983 1863 1123 1935 levibus
1145 1863 1246 1954 teliS,

186 2002 266 2071 quae
284 1979 422 2047 irritare
444 1978 575 2072 magis,
595 2000 704 2072 quam
725 1975 920 2046 decernere
941 1985 1122 2072 pugnam²
1142 1989 1249 2071 pote·

185 2098 282 2172 rant,
304 2085 440 2180 gladios
459 2084 617 2172 nudant,
636 2101 671 2154 et
696 2085 826 2155 collato
846 2085 939 2182 pede
963 2110 1021 2156 res
1039 2100 1157 2182 coepta
1174 2086 1250 2183 geri

187 2206 260 2278 est3
279 2217 485 2289 ancepsque
508 2193 674 2290 pedestre
698 2209 994 2283 commoneret,
1018 2196 1086 2266 nisi
1109 2198 1250 2292 equites

52 2344 59 2364 s
188 2304 487 2398 supervenissent.
503 2308 631 2400 Neque
644 2329 688 2374 ex
701 2303 850 2375 adverso
864 2304 1109 2375 tantumillati
1121 2305 1248 2376 obvios

188 2412 387 2502 obtrivere,
408 2413 471 2485 sed
492 2417 724 2486 circumvecti
743 2417 850 2486 etiam
871 2415 1020 2512 quidam
1039 2442 1105 2513 per
1126 2415 1250 2493 infima
1274 2455 1277 2468 v

188 2524 269 2593 clivi
289 2524 333 2594 ab
353 2540 454 2619 tergo
474 2550 526 2611 se,
548 2541 589 2596 ut
607 2526 802 2622 plerosque
822 2527 1127 2616 intercluderent,
1148 2526 1248 2622 obje-

189 2649 338 2721 cerunt3
360 2636 549 2732 majorque
576 2637 688 2707 caedes
708 2634 793 2723 fuit,
819 2660 927 2732 quam
948 2649 1120 2733 quantam
1142 2637 1250 2708 edere

224 2873 285 2921 Cen.
298 2874 419 2921 XXXIII.
434 2890 456 2921 ι.
471 2875 643 2941 Profectusque
656 2877 697 2922 de·
743 2891 895 2940 ancepsque:
904 2875 966 2922 nihil
974 2874 1064 2921 horum
1079 2874 1210 2922 verborum
1223 2875 1251 2922 in

189 2948 255 2996 cimis
268 2951 353 2998 cestris
359 2986 368 3009 ,
384 2964 430 3000 etc.
446 2954 478 3002 ef,
490 2955 577 3018 Polyb.
590 2957 640 3013 XI,
653 2956 697 3012 32,
743 2951 925 3019 opfimInMSS,
941 2954 985 3002 sed
996 2954 1151 3001 continenter
1160 2954 1251 3002 collato

191 3030 327 3078 33.-1n
346 3044 473 3095 conspectu
491 3032 608 3089 hostium,
627 3034 699 3081 Man·
738 3034 864 3096 pedestre;
877 3033 943 3082 unde
965 3032 1135 3080 scribendum:
1154 3031 1253 3096 gladios

191 3108 260 3157 donii
282 3120 306 3156 et
330 3110 458 3171 Indibilis,
474 3109 517 3175 q'ui
538 3112 568 3160 de
592 3112 699 3161 adventu
743 3114 852 3171 nudant,
864 3114 984 3162 etcollato
991 3113 1121 3178 pedeaere
1130 3123 1254 3158 certamen

191 3188 313 3254 Scipionis
325 3189 439 3237 certiores
452 3191 524 3251 faofi,
540 3193 628 3240 relicto
640 3208 698 3256 agro
743 3204 815 3250 enit,-
834 3195 911 3241 Gron.
926 3193 974 3240 Sed
988 3193 1014 3238 in
1030 3192 1078 3238 illis
1095 3191 1176 3238 verbis
1190 3189 1255 3247 nibil

191 3268 321 3327 sedetano,
342 3269 368 3314 in
386 3268 489 3333 patriam
509 3271 638 3319 redierant.
660 3272 698 3319 cf.
743 3272 814 3319 Livio
836 3272 964 3336 indignum
987 3288 1053 3329 esse,
1073 3271 1147 3317 immo
1167 3284 1255 3322 eorum

191 3346 223 3392 ad
233 3363 255 3392 c.
268 3349 309 3403 31,
319 3363 345 3394 n.
354 3348 377 3396 3.
385 3375 419 3383 -
428 3347 530 3414 Campus
540 3361 598 3397 ante
609 3361 699 3409 castra,
744 3367 791 3415 ope
803 3351 878 3399 fluere
893 3352 968 3415 magis
985 3351 1137 3407 orationem,
1156 3359 1180 3396 et
1194 3347 1256 3396 viei-

191 3425 299 3472 afroute
312 3442 409 3485 eorum;
424 3428 481 3474 vide
493 3428 524 3475 ad
536 3430 637 3487 XXVI,
653 3437 699 3487 42,
743 3432 845 3478 nitatem
863 3447 953 3477 vocum
968 3430 1034 3494 pede
1048 3445 1085 3476 res
1104 3439 1129 3476 et
1142 3427 1254 3492 pedestre

191 3519 216 3548 n.
227 3503 251 3548 6.
265 3506 343 3550 -In
353 3522 408 3552 eam
416 3507 520 3564 vallem,
535 3508 631 3558 attunt
644 3527 700 3559 τινα
745 3496 866 3567 effecisse,
884 3521 912 3556 ut
936 3508 1029 3556 librarii
1045 3507 1125 3554 media
1149 3505 1256 3554 trunsili-

191 3581 283 3648 μεταξὺ
301 3586 344 3642 τῆς
360 3585 433 3637 αὐτοῦ
450 3583 491 3635 καὶ
511 3593 558 3636 τῶν
578 3588 699 3657 πολεμίων
745 3600 815 3646 rent,
835 3600 938 3636 monent
954 3588 1024 3635 Crev.
1037 3598 1062 3634 et
1080 3585 1154 3643 Drak.
1171 3584 1208 3634 ef.
1223 3583 1256 3632 nd

192 3657 388 3725 στρατοπεδείας
401 3664 533 3731 Polyb.-
541 3670 637 3716 Livium
649 3670 701 3717 eul-
746 3671 796 3726 VI,
808 3685 837 3716 12
846 3686 883 3728 ,u.
895 3686 919 3728 7,
928 3681 951 3716 et
963 3668 993 3716 de
1003 3669 1079 3715 forma
1090 3665 1188 3713 dicendi
1198 3682 1256 3714 acre

191 3750 234 3802 pat
247 3740 395 3802 Glareanus,
412 3743 468 3805 quia
486 3743 577 3792 vellum
591 3763 642 3793 non
657 3762 702 3794 no·
747 3760 867 3795 certamen
890 3759 956 3804 erat,
972 3746 1020 3794 nisi
1037 3745 1128 3809 equites
1147 3761 1256 3808 superve-

191 3817 301 3876 minarit,
314 3819 359 3866 sed
370 3837 415 3867 uec
429 3822 481 3886 ipse
491 3824 582 3888 Polyb.
594 3825 646 3885 ejus
656 3841 701 3873 110·
746 3827 848 3882 uissent,
864 3825 895 3872 ud
912 3828 951 3883 ΙΙ,
965 3826 1014 3884 50,
1025 3841 1051 3871 n.
1065 3839 1103 3872 1o.
1122 3824 1213 3872 Similis
1230 3823 1255 3874 ei

192 3913 248 3945 rnen
259 3899 376 3962 prodidit.
391 3901 437 3949 En.
746 3907 800 3954 haec
809 3920 816 3952 ε
826 3904 923 3952 occasio
934 3904 1026 3968 egregie
1033 3902 1069 3951 rei
1074 3903 1187 3967 gerendae
1187 3903 1255 3970 sitit,

228 3979 702 4045 2.Decernercpugnam;videadVII,
747 3986 768 4032 si
774 4017 832 4031 .....
839 3983 948 4030 duxisset
962 3984 1067 4040 XXXI,
1083 3997 1130 4041 21,
1146 3999 1171 4030 n.
1189 3999 1258 4031 r.-

194 4074 222 4119 9,
238 4073 262 4107 n.
278 4065 301 4112 4.
319 4086 352 4094 -
365 4059 431 4106 Pede
442 4076 479 4108 res
497 4075 574 4127 coeptu
583 4064 638 4127 geri
652 4075 702 4120 est;
747 4065 832 4126 Neque
845 4078 878 4109 ex
890 4061 990 4110 adverso
999 4095 1007 4119 ,
1022 4073 1069 4110 ete.
1085 4052 1130 4126 pro
1151 4063 1194 4127 qui
1207 4057 1274 4109 uon*
