2768 4574
192 284 311 396 ὒςξῖςζζς
358 304 510 370 arnan
543 304 1031 375 xxvntcnaxmn.
1147 309 1212 393 431
1275 299 1280 309 '

163 455 180 487 a
193 423 290 494 fusos
303 421 515 520 fugatosque
528 437 685 519 quatuor
698 427 874 498 exercitus
888 418 1054 524 pudicos,
1069 446 1150 526 post
1164 446 1219 502 tot

162 564 180 598 a
193 533 301 604 urbes
313 536 348 604 vi
366 548 485 630 captas
504 548 566 603 aut
582 547 682 603 metu
696 533 858 605 subactas
875 537 912 604 in
931 537 1123 629 ditionem,
1138 556 1219 639 post
1307 628 1313 639 Ι

160 642 396 739 «perdomita
414 645 533 713 omnia
552 667 668 739 usqne
687 643 732 713 ad
752 647 955 729 Oceanum,
980 658 1035 714 tot
1055 649 1219 751 regulos,

163 783 179 816 «
196 767 248 823 tot
265 779 371 824 saevas
389 769 533 852 gentes,
556 767 638 849 post
655 768 834 851 receptam
854 768 966 824 totam
989 756 1218 851 Hispaniam,

159 892 177 926 «
192 864 297 935 itaut
317 865 505 961 vestigium
524 862 664 932 nullum
681 862 768 933 belli
785 861 966 959 reliquum
985 864 1049 949 sit,
1079 863 1218 937 elevare

163 1001 180 1036 a
193 998 287 1045 meas
299 999 355 1044 res
366 987 480 1071 gestas
489 1001 495 1042 :
505 986 591 1060 tam,
601 971 759 1061 hercule,
769 997 889 1069 quam,
898 975 926 1044 si
934 973 1048 1043 victor
1055 974 1219 1045 exAlrica

161 1085 378 1171 «redierim,
395 1109 436 1154 ea
452 1084 528 1179 ipsa
547 1083 801 1180 elevare,'quae
821 1107 936 1170 nunc,
952 1083 1131 1153 retinendi
1149 1086 1219 1159 mei

163 1222 179 1256 α
192 1217 315 1280 causa,
337 1208 377 1263 ut
398 1192 569 1263 terribilia
588 1192 713 1263 eadem
734 1192 937 1279 videantur,
960 1191 1079 1263 verbis
1103 1193 1219 1263 extol·
1299 1214 1304 1224 ·

160 1332 178 1365 «
192 1300 327 1372 luntur.
346 1307 459 1398 Negat
478 1301 613 1372 aditum
642 1326 718 1372 esse
738 1303 777 1371 in
801 1299 973 1387 Africam,
997 1315 1103 1396 negat
1127 1301 1220 1373 ullos

161 1426 314 1509 «patere
331 1428 468 1510 portus.
488 1416 536 1482 M.
552 1411 699 1483 Atilium
718 1426 861 1510 captum
881 1413 919 1481 in
934 1409 1050 1482 Africa
1064 1435 1220 1482 comme·

162 1552 178 1585 «
195 1536 330 1610 morat;
350 1538 522 1620 tanquam
537 1525 584 1593 Μ.
598 1519 750 1593 Atilius⁶
767 1523 885 1620 primo
904 1547 1047 1594 accessu
1066 1523 1109 1593 ad
1131 1520 1217 1593 Afri-

160 1662 178 1696 «
191 1657 267 1703 cam
280 1631 491 1704 offenderit:
508 1658 627 1728 neque
638 1632 867 1718 recordatur,
886 1631 936 1701 illi
952 1633 1019 1728 ipsi
1037 1647 1109 1702 tam
1128 1632 1219 1703 infe-

159 1773 178 1807 «
192 1743 248 1814 lici
268 1744 474 1841 imperatori
491 1743 647 1841 patuisse
667 1757 786 1813 tamen
804 1756 930 1840 portus
948 1739 1090 1829 Africae,
1109 1757 1145 1813 et
1161 1767 1219 1813 res

158 1857 347 1952 «egregias
368 1857 484 1953 primo
505 1878 600 1924 anno
621 1855 788 1951 gessisse,
808 1867 863 1939 et,
879 1866 1056 1948 quantum
1077 1852 1122 1923 ad
1146 1877 1221 1923 car-

159 1993 177 2026 «
194 1962 431 2059 thaginienses
443 1966 551 2035 duces
566 1964 709 2048 attinet,
720 1964 892 2033 invictum
907 1961 951 2032 ad
963 1961 1129 2032 ultimum
1145 1987 1220 2059 per·

159 2074 371 2143 «mansisse.
391 2073 486 2144 Nihil
504 2074 611 2169 igitur
629 2097 687 2142 me
701 2073 769 2144 isto
786 2086 827 2144 tu
841 2072 1007 2170 exemplo
1027 2077 1217 2144 terrueris:

159 2211 176 2244 «
190 2182 219 2251 si
233 2182 303 2254 hoc
317 2181 432 2271 bello,
450 2208 524 2253 non
539 2183 677 2280 priore,
692 2183 720 2250 si
735 2207 863 2280 nuper,
880 2197 916 2252 et
929 2207 1007 2252 non
1019 2184 1121 2252 annis
1134 2197 1217 2255 ante

159 2294 488 2392 «quinquaginta7,
516 2295 581 2363 ista
607 2290 722 2363 clades
749 2306 894 2391 accepta
925 2289 1035 2377 foret,
1062 2295 1126 2389 qui
1150 2318 1217 2393 ego

159 2432 177 2467 (ι
190 2406 310 2476 minus
322 2405 358 2475 in
370 2403 545 2491 Africum,
561 2402 697 2499 Regulo
711 2417 835 2498 captu,
850 2427 974 2499 quam,
988 2403 1217 2499 Scipionibus

158 2541 176 2574 «
191 2515 335 2601 occisis,
356 2516 392 2584 in
410 2516 616 2612 Hispaniam
632 2511 855 2605 trajicerem?
872 2515 947 2581 Nec
964 2509 1101 2582 felicius
1121 2518 1216 2584 Xan·

159 2649 176 2684 a
190 2620 356 2720 thippum
371 2617 704 2695 Lacedaemonium⁸
717 2619 938 2717 Carthagini,
953 2645 1062 2716 quam
1079 2647 1137 2692 me
1153 2649 1216 2720 pa·

88 2760 90 2767 ·
158 2760 176 2793 «
190 2732 265 2800 triae
289 2757 375 2802 meae
403 2736 556 2804 sinerem
583 2746 709 2802 natum
733 2753 829 2816 esse3
855 2743 1102 2825 cresceretque
1128 2733 1216 2803 mihi

158 2869 175 2904 «
188 2866 232 2911 ex
246 2866 290 2911 eo
302 2843 382 2940 ipso
399 2842 547 2932 fiducia,
563 2842 662 2940 quod
676 2841 789 2938 possit
807 2840 843 2908 in
860 2838 1015 2908 hominis
1026 2841 1132 2911 unius
1146 2843 1215 2912 vir-

158 2980 174 3013 «
190 2964 266 3021 tute
283 2964 422 3021 tantum
434 2954 606 3024 momenti
623 2976 710 3023 esse.
726 2955 772 3019 At
785 2949 890 3019 etiam
907 2947 1142 3021 Athenienses
1152 2976 1217 3023 au-

193 3156 218 3200 6.
241 3155 367 3218 Tanquam
385 3156 421 3201 M.
438 3154 527 3202 Atilius
547 3151 617 3218 (vide
632 3151 664 3198 ad
708 3147 884 3211 languidiorem
902 3147 969 3195 illam
985 3161 1132 3213 praeoptasse
1151 3152 1217 3198 visne

157 3249 211 3297 cap.
226 3242 257 3289 tn
274 3232 326 3298 pr.)
339 3232 420 3297 primo
436 3248 533 3280 accessu
548 3231 584 3278 ad
596 3230 663 3294 Afri·
708 3231 755 3285 sit,
772 3243 809 3273 res
822 3238 910 3291 gestas·
921 3227 952 3274 ab
971 3242 999 3273 eo
1016 3228 1125 3292 egregias
1133 3229 1215 3292 primo
1298 3278 1306 3285 ,

157 3330 213 3360 cam
223 3312 353 3378 offinderit
358 3348 366 3370 ,
382 3312 510 3360 infeliciter
523 3326 573 3357 rem
586 3325 664 3373 gesse·
708 3323 787 3362 anno,
800 3322 872 3368 quam
882 3306 978 3368 quidem
987 3306 1094 3354 Clericus
1105 3309 1176 3354 etiam
1185 3309 1215 3370 in

157 3393 203 3450 rit,
221 3404 248 3440 ut
261 3393 369 3449 XXXV,
389 3394 429 3439 26.
444 3391 481 3441 Cf.
495 3390 589 3436 Ernesti
602 3387 662 3434 clav.
708 3397 851 3433 contextum
863 3384 1001 3431 immiserat.
1011 3386 1055 3431 Eo.

156 3469 208 3516 Cic.
223 3482 247 3518 et
258 3473 354 3519 Manut.
366 3472 398 3518 ad
412 3471 463 3519 Cic.
477 3466 558 3533 Ep.V,
575 3475 616 3522 14.
629 3493 664 3501 -
744 3478 767 3524 7.
791 3462 870 3510 Anno
892 3475 950 3510 unte
972 3463 1149 3528 quinquaginta
1168 3479 1215 3527 pro

156 3548 199 3594 Illi
211 3547 258 3612 ipsi
269 3561 320 3596 tam
333 3549 349 3597 i.
359 3547 500 3613 imperatori
507 3545 616 3610 patuisse
626 3556 663 3590 ta·
708 3541 875 3608 qnadraginta
897 3540 964 3589 edidi
985 3552 1084 3588 anctore
1106 3543 1215 3590 Perizon.

155 3643 209 3672 men
223 3638 309 3690 portus
328 3627 431 3691 Africae,
453 3637 477 3673 et
497 3640 534 3671 res
555 3621 663 3688 egregias
707 3625 750 3686 qni
772 3632 837 3668 recte
854 3620 904 3681 jam
927 3622 1036 3678 monuit,
1056 3621 1092 3666 M.
1113 3620 1215 3667 Atilium

151 3705 231 3768 primo
243 3721 308 3751 anno
316 3706 428 3770 gessisse,
440 3704 491 3752 scil.
500 3720 563 3751 eum.
583 3702 620 3750 Cf.
632 3702 664 3749 ad
707 3701 828 3765 Regulum
841 3715 891 3745 cos.
905 3700 929 3745 11
943 3700 1016 3745 luisse
1030 3715 1051 3745 a.
1064 3699 1095 3744 U.
1108 3699 1173 3760 496,
1191 3711 1216 3746 et

156 3786 266 3841 XXXV,
284 3792 330 3840 14,
347 3801 372 3830 n.
385 3792 409 3838 t.
423 3810 457 3818 --
473 3785 529 3830 Hoc
546 3781 662 3845 loquendi
707 3795 772 3827 anno
781 3796 831 3842 seq.
845 3788 950 3841 captum.
962 3802 997 3812 -
1010 3775 1070 3837 Qui,
1086 3792 1137 3823 cur.

155 3863 230 3910 modo
249 3864 283 3910 ita
296 3863 416 3909 offensum
432 3877 483 3908 esse
495 3862 663 3918 Gmuodnm,
744 3854 1216 3919 8.XanthipprtmLacedaemonium,etc.

156 3955 238 3991 monet
255 3944 325 3991 Cres.
339 3954 367 3989 nt
385 3940 467 3987 relicta
482 3940 528 3988 hac
543 3940 663 3997 lectione,
707 3939 738 3985 cf.
752 3936 841 3999 Polyb.
851 3938 879 3990 1,
895 3935 991 3990 32-36,
1004 3946 1028 3980 et
1042 3935 1083 3981 Sil.
1097 3937 1137 3993 ΙΙ,
1152 3935 1215 3991 305,

156 4040 209 4087 quae
229 4023 329 4071 Puteani
348 4020 499 4082 aliorumque
518 4019 591 4068 codd.
611 4029 661 4073 est,
708 4014 1000 4076 43431V,357eq.V1‚
1016 4014 1062 4060 301
1072 4030 1108 4076 sq.
1118 4014 1168 4061 680
1178 4030 1216 4076 sq.
