2768 4574
189 300 258 386 430
613 300 650 365 r.
685 296 822 366 mvn
1093 275 1218 391 ὲῑὲῑὲἕῖῑ

188 416 453 517 «praesentibus
468 414 599 503 modo,
618 417 680 486 sed
704 441 786 487 cum
807 418 925 487 omnis
943 418 1006 487 aevi
1023 418 1124 488 claris
1144 419 1244 503 viris,

187 561 204 596 a
216 542 437 627 comparent.
449 526 624 624 Equidem
639 527 737 598 haud
752 527 947 615 dissimulo,
960 550 1018 598 me
1031 543 1124 615 tuas,
1136 530 1179 618 Q.
1188 533 1246 599 Fa·

152 676 157 683 ·
186 671 206 709 ,a
219 638 275 726 hi,
289 636 413 708 laudes
429 661 504 707 non
520 639 660 733 assequi
677 638 793 707 solum
808 636 918 725 velle,
933 636 996 707 sed
1011 635 1128 731 (bona
1141 640 1245 708 venia

189 782 206 816 α
220 764 281 821 tua
299 746 488 842 dixerim),
503 748 532 817 si
545 749 697 843 possim,
710 748 816 817 etiam
833 770 1056 842 exsuperare.
1069 745 1162 816 Illud
1177 771 1245 817 nec

188 889 204 925 «
217 850 283 930 tibi
295 859 332 927 in
347 882 421 944 me,
434 881 506 927 neu
521 854 608 925 mihi
622 857 660 926 in
673 855 895 927 minoribusl
905 871 992 926 natu
1006 857 1115 928 animi
1132 857 1190 942 sit,
1205 870 1246 925 ut

186 999 204 1034 a
218 969 392 1054 nolimus,
405 991 624 1063 quemquam
645 967 758 1036 nostri
776 966 927 1036 similem
944 966 1093 1037 evadere
1108 967 1242 1036 civem:

125 1096 127 1100 ’
187 1108 204 1143 a
218 1077 255 1147 id
271 1078 367 1148 enim
385 1102 459 1146 non
479 1098 603 1146 eorum
620 1074 747 1161 modo,
765 1072 897 1171 quibus
914 1075 1164 1163 inviderimus,
1182 1076 1242 1146 sed

186 1219 204 1254 «
216 1186 424 1284 reipublicae
438 1200 474 1256 et
486 1209 588 1282 paene
603 1187 720 1254 omnis
735 1186 875 1281 generis
886 1185 1037 1255 humani
1048 1186 1245 1256 detrimen-

186 1312 294 1368 etnm
319 1297 373 1367 sit.
401 1295 720 1382 Commemoravit,
746 1308 923 1390 quantum
951 1319 1064 1365 essem
1096 1295 1245 1391 periculi

186 1437 204 1472 a
218 1408 395 1494 aditurus,
407 1407 484 1475 siin
497 1404 648 1475 Africam
661 1405 880 1499 trajicerem3
896 1418 936 1474 ut
947 1427 1062 1474 meam
1075 1428 1243 1500 quoque,

187 1547 205 1582 α
220 1542 295 1587 ῃοι]
317 1514 433 1586 solum
451 1513 658 1612 reipublicae
673 1528 708 1584 et
727 1515 922 1602 exercitus,
935 1516 1049 1585 vicem
1065 1514 1244 1585 videretur

187 1658 205 1692 a
219 1627 392 1697 sollicitus
404 1619 428 1693 ⁵.
453 1625 558 1695 Unde
576 1623 652 1694 haec
673 1637 821 1721 repente
841 1648 925 1693 cura
945 1622 990 1693 de
1014 1648 1072 1693 me
1098 1624 1245 1693 exorta?

185 1761 329 1833 «quum
346 1749 448 1831 pater
465 1747 688 1831 patruusque
707 1757 809 1804 meus
826 1730 1023 1819 interlecti,
1038 1758 1152 1828 quum
1172 1733 1244 1804 duo

185 1876 202 1911 a
216 1846 392 1917 exercitus
400 1868 526 1914 eorum
537 1869 652 1942 prope
663 1842 850 1915 occidione
862 1845 969 1914 occisi
980 1858 1115 1929 essent,
1131 1869 1243 1940 quum

185 1986 203 2021 a
214 1958 349 2027 amissae
360 1956 553 2051 Hispaniae,
571 1968 850 2050 qnumquatuor
861 1956 1036 2024 exercitus
1050 1957 1243 2024 Poenorum

185 2095 202 2131 «
216 2080 445 2163 quatuorque
471 2064 580 2134 duces
599 2066 720 2134 omnia
739 2079 839 2134 metu
863 2066 1041 2160 armisque
1060 2079 1244 2145 tenerent,

186 2199 329 2272 «quum
358 2173 527 2270 quoesitus
557 2172 602 2243 ad
627 2172 662 2243 id
688 2173 823 2244 bellum
850 2175 1046 2271 imperator
1071 2197 1179 2243 nemo
1207 2197 1244 2242 se

186 2282 436 2368 «ostenderet,
451 2297 580 2378 praeter
592 2307 668 2369 me,
684 2307 793 2353 nemo
813 2281 973 2379 profiteri
988 2294 1122 2352 nomen
1137 2306 1244 2351 ausus

186 2408 323 2478 «esset,
342 2417 455 2490 quum
473 2391 562 2461 mihi
576 2405 734 2487 quatuor
752 2405 788 2460 et
805 2391 929 2484 viginti
945 2414 1059 2459 annos
1077 2403 1163 2459 nato
1183 2389 1244 2459 de·

185 2503 353 2575 «tulisset
376 2501 567 2596 imperium
589 2498 747 2594 populus
768 2521 958 2583 romanus,
981 2497 1069 2595 qnid
1096 2501 1144 2568 ita
1165 2514 1242 2569 tum

186 2643 203 2678 a
217 2637 326 2683 nemo
352 2623 491 2679 aetatem
518 2631 660 2693 meam,
683 2607 755 2675 vim
787 2606 969 2694 hostium,
997 2606 1244 2679 difficultatem

185 2754 202 2788 a
215 2723 320 2809 belli,
332 2721 441 2818 patris
459 2717 650 2814 patruique
668 2729 850 2786 recentem
869 2715 1006 2787 cladem
1028 2741 1244 2789 commemo·

185 2832 339 2904 arabat?
358 2832 491 2898 Utrum
503 2825 618 2920 major
634 2825 752 2921 aliqua
764 2850 863 2895 nnnc
881 2825 918 2893 in
931 2824 1048 2896 Africa
1067 2827 1244 2897 calamitas

185 2956 360 3039 «accepta
377 2953 444 3025 est,
459 2960 568 3032 quam
584 2949 672 3006 tunc
685 2937 723 3004 in
733 2936 902 3031 Hispania
920 2937 1017 3005 erat?
1033 2961 1077 3005 au
1091 2937 1244 3031 majores

185 3082 202 3118 a
214 3074 313 3122 nunc
334 3063 417 3119 sunt
439 3046 615 3116 exercitus
635 3045 674 3113 in
693 3042 830 3131 Africa,
851 3044 959 3116 duces
976 3045 1098 3141 plures
1118 3047 1242 3116 melio-

185 3186 364 3256 «resque,
392 3179 501 3253 quarn
528 3169 614 3243 tuuc
637 3155 675 3223 in
700 3156 870 3253 Hispania
897 3154 1067 3225 fuerunt?
1094 3140 1139 3226 an
1161 3169 1244 3225 aetas

139 3301 141 3305 ·
185 3294 296 3340 «mea
316 3283 404 3338 tunc
424 3265 598 3333 maturior
619 3263 716 3334 bello
736 3265 898 3361 gerendo,
914 3261 997 3352 fuit,
1017 3291 1125 3362 quam
1146 3291 1244 3335 nuuc

185 3411 202 3445 a
218 3382 291 3450 est?
309 3403 354 3447 an
369 3401 452 3446 cum
468 3375 740 3470 carthaginiensi
753 3375 858 3445 hoste
872 3375 909 3443 in
927 3376 1116 3471 Hispania,
1135 3400 1243 3472 quam

187 3522 204 3555 a
217 3491 254 3559 in
271 3487 407 3573 Africa,
429 3485 563 3557 bellum
583 3487 658 3580 geri
682 3485 799 3582 aptius
821 3485 894 3554 est?
917 3485 1030 3554 Facile
1057 3501 1134 3573 est,
1161 3501 1244 3582 post

223 3715 245 3761 4.
254 3707 308 3752 Neu
318 3704 377 3751 milti
386 3703 410 3751 in
421 3690 563 3758 minoribus,
574 3703 692 3759 minores,
774 3703 797 3750 5.
808 3704 902 3748 Meam.
910 3739 916 3751 .
924 3703 1014 3750 mirem
1024 3703 1149 3750 uideretur
1158 3702 1237 3751 sollici
1239 3731 1246 3738 ·

187 3796 246 3832 natu
257 3784 318 3832 illud
329 3783 406 3832 animi
416 3783 461 3837 sit;
474 3782 529 3829 vide
539 3782 570 3828 ad
579 3784 630 3840 VI,
643 3796 692 3833 aa,
738 3790 791 3836 τως
808 3780 864 3827 vide
877 3781 908 3827 ad
924 3784 949 3838 1,
965 3783 1007 3841 25,
1021 3799 1044 3828 n.
1057 3784 1080 3830 5.
1089 3810 1124 3818 -
1136 3784 1248 3844 Quatuor

186 3880 212 3911 n.
228 3879 250 3920 1,
262 3874 286 3909 et
298 3863 371 3910 Drak.
386 3863 417 3909 ad
429 3862 461 3924 h,
472 3861 489 3908 l.
504 3862 557 3907 Neu
572 3875 632 3907 vero
645 3875 692 3923 pro
737 3857 856 3905 exercitus
865 3863 991 3906 Poenorum
1001 3864 1247 3927 qreatuorquedtece55

185 3957 245 3997 nec,
260 3953 287 3989 ut
296 3945 391 4006 passim.
402 3938 569 4006 Conl.II,r5,
580 3949 605 3985 et
615 3939 690 3984 Gron.
736 3936 793 3983 vide
816 3953 888 4001 supra
909 3939 940 3985 ad
959 3940 1047 3987 librum
1066 3943 1106 3998 X,
1128 3959 1181 4005 cap,
1198 3942 1247 4000 25,

187 4020 217 4067 ad
227 4022 284 4069 sen.
295 4021 351 4070 Nat.
362 4022 454 4081 Quaest.
464 4024 478 4070 4
493 4019 584 4080 praefat.
736 4025 789 4062 not.
804 4030 828 4076 9.
