2768 4574
1107 259 1130 296 Δ.
1145 257 1167 296 C.
1182 258 1226 296 2⁰5.

197 285 266 368 [με
619 282 657 348 r.
693 282 833 349 trun
1109 313 1226 369 M„

199 405 388 503 eligendas
415 402 584 498 reliquias
617 400 791 497 naufragii
817 400 949 484 nostri,
976 397 1128 468 misistis.
1157 402 1194 467 P.
1217 414 1252 468 et

197 544 215 581 α
231 519 297 585 Cn.
314 513 488 600 Cornelii,
504 537 546 583 ex
566 537 640 608 quo
655 514 695 581 in
709 511 932 609 provinciam
945 523 1139 596 venerunt,
1151 508 1252 578 nullo

197 640 394 722 «tempore
412 624 646 709 destiterunt,
668 645 747 718 qnae
771 620 877 691 nohis
903 618 1076 706 secunda,
1100 644 1253 717 quaeque

199 764 215 799 e
230 734 376 804 adversa
389 732 554 804 hostibus
566 733 698 802 nostris
710 745 846 818 essent,
861 729 988 801 lacere.
999 736 1075 800 Jam
1091 732 1252 799 omnium

199 873 215 906 «
231 845 386 940 primum
404 840 579 940 oppidum
597 840 703 911 nobis
720 841 981 911 restituerunt²
999 867 1006 909 :
1027 863 1252 937 peromnem

199 954 432 1050 ¹<Hispaniam
457 953 550 1022 cives
568 965 712 1020 nostros
730 949 984 1033 venumdatos,
1002 947 1171 1044 dimissis,
1191 952 1253 1045 qui

200 1063 510 1156 «conquirerent,
534 1083 576 1129 ex
600 1061 770 1129 servitute
793 1061 832 1128 in
857 1058 1058 1129 libertatem
1087 1059 1252 1129 restitue·

199 1185 322 1240 «runt.
336 1175 456 1261 Quum
470 1169 543 1263 jam
559 1193 672 1266 prope
689 1183 798 1255 esset,
812 1183 853 1238 ut
865 1167 1060 1265 optabilem
1073 1193 1117 1238 ex
1130 1169 1253 1238 miser·

199 1311 215 1344 κ
228 1282 318 1350 rima
336 1280 519 1351 fortunam
535 1277 768 1367 haberemus,
787 1284 822 1349 P.
840 1293 875 1350 et
890 1286 955 1351 Cn.
969 1280 1125 1350 Cornelii
1142 1282 1254 1376 impc-

200 1422 217 1455 «
231 1405 368 1481 ratores
378 1390 486 1459 vestri
500 1388 698 1459 luctuosius
709 1387 816 1459 nobis
831 1414 995 1486 quoque,
1012 1415 1120 1486 quam
1134 1389 1253 1477 vobis,

199 1529 215 1562 t<
229 1501 425 1596 perierunt.
444 1504 535 1569 Tum
547 1524 635 1572 vero
650 1498 778 1568 adhoc
793 1496 957 1569 retracti³
977 1525 1021 1568 ex
1039 1498 1254 1570 distantibus

199 1639 216 1674 «
230 1610 317 1680 locis
336 1611 374 1678 in
393 1607 515 1680 sedem
534 1609 719 1705 antiquam
728 1607 950 1696 videbamur,
966 1622 1005 1678 ut
1020 1609 1150 1678 iterum
1166 1610 1255 1704 peri·

197 1750 216 1783 <c
230 1743 369 1806 remus,
383 1734 419 1789 et
436 1719 589 1789 alterum
607 1717 785 1789 excidium
802 1718 926 1815 patriae
943 1718 1148 1793 videremus
1164 1746 1171 1787 :
1187 1744 1254 1789 nec

197 1828 272 1899 «ad
304 1830 498 1925 perniciem
534 1842 694 1898 nostram
728 1826 1002 1922 carthaginiensi
1019 1829 1159 1925 utique
1193 1842 1255 1897 aut

197 1968 214 2003 «
229 1937 321 2008 duce
339 1952 401 2006 aut
423 1939 582 2007 exercitu
601 1961 693 2033 opus
716 1962 811 2024 esse,
834 1935 880 2006 ah
898 1936 1089 2027 Turdulisl
1108 1963 1174 2008 nos
1193 1964 1253 2008 ve-

195 2077 216 2113 «
231 2047 384 2118 terrimis
401 2045 585 2134 hostibus,
604 2048 668 2142 qui
686 2047 814 2141 prioris
834 2071 983 2143 quoque
1002 2046 1129 2116 excidii
1151 2073 1255 2119 causa

196 2186 215 2221 a
228 2157 333 2227 nobis
351 2155 517 2243 fuerunt,
536 2157 713 2252 exstingui
730 2178 834 2253 posse
853 2183 860 2224 ε
882 2181 996 2252 quum
1012 2183 1055 2227 ex
1072 2158 1254 2254 insperato

197 2353 288 2401 aelium
300 2351 451 2415 Scipionem,
461 2351 503 2413 qui
515 2367 536 2396 a.
546 2350 578 2397 U.
590 2349 640 2396 530
649 2364 705 2395 cou-
749 2351 823 2396 sulcm
835 2367 847 2396 e
858 2350 1002 2413 quibusdam
1013 2351 1074 2397 MSS
1082 2351 1172 2415 recepit
1181 2352 1254 2399 Drak.

195 2432 237 2479 aul
249 2431 338 2486 fuerat,
353 2441 377 2477 et
393 2432 421 2475 P.
442 2428 575 2477 bbrnelium
593 2428 704 2484 fratrem,
749 2440 777 2476 ut
790 2429 875 2476 consul
889 2429 920 2475 sit
935 2432 961 2477 P.
973 2430 1046 2477 Corn.
1063 2431 1160 2494 Scipio,
1174 2432 1255 2494 quiin

194 2511 241 2574 qui
253 2519 384 2574 prorogato
396 2517 453 2571 post
467 2506 618 2553 consulatum
628 2506 704 2569 impe·
750 2507 891 2571 Hispaniam
911 2509 998 2555 missus
1025 2521 1073 2567 est,
1099 2510 1141 2557 sed
1167 2511 1255 2558 certior

200 2589 251 2648 rio,
266 2605 286 2636 a.
305 2589 336 2634 U.
355 2587 404 2634 535
425 2586 450 2632 in
465 2585 608 2647 HiqunIam
620 2584 705 2630 missus
748 2586 826 2633 factus
842 2586 872 2632 de
888 2588 1030 2636 Hannibalis
1045 2582 1255 2648 adventu,‘fratre

198 2664 252 2726 τίη
263 2668 312 2716 vid.
327 2668 415 2723 XXII,
429 2680 460 2710 aa
476 2680 514 2727 pr.
533 2662 580 2709 Sed
597 2663 704 2710 coruules
749 2662 783 2711 ibi
790 2665 890 2723 relicto,
901 2667 927 2712 in
937 2669 1030 2715 Italiam
1040 2669 1120 2716 rediit.
1130 2669 1168 2717 Cf.
1177 2671 1254 2726 XXI,

193 2743 288 2811 ‘passim
310 2745 425 2792 dicuntur
445 2754 469 2790 et
491 2741 648 2805 proconsules
663 2740 705 2806 (ut
751 2758 791 2803 17,
810 2759 851 2792 aa.
870 2745 917 2792 Sed
933 2762 987 2808 quae
1002 2748 1115 2812 proxime
1129 2747 1255 2806 dicuntur,

195 2836 292 2889 [πωρον
301 2839 346 2887 pro
354 2833 507 2886 propraetore
519 2822 576 2880 XL,
588 2836 632 2882 19,
643 2837 666 2867 n.
677 2821 704 2879 8,
748 2823 779 2869 ad
792 2826 821 2871 P.
833 2835 857 2870 et
870 2825 913 2873 Cu.
929 2825 1050 2873 Cornelios
1060 2838 1180 2891 spectant.

202 2888 258 2961 xL',
267 2903 347 2960 3401.
359 2916 381 2957 1,
392 2897 510 2964 etal.),ct
521 2899 658 2945 consulares
666 2899 705 2945 vcl
784 2918 808 2950 a.
822 2903 942 2966 Oppidum
949 2904 1017 2951 nobis
1027 2905 1197 2962 restitum&
1205 2906 1254 2953 vid.

200 2983 244 3046 qni
254 2991 309 3028 ante
322 2979 415 3041 aliquot
424 2993 500 3025 annos
510 2978 622 3025 consules
629 2978 704 3024 fuere.
748 2981 845 3038 XXIV,
851 2989 881 3036 Ia
886 2982 1068 3029 .—Luctuosius
1075 2983 1143 3030 nobis
1150 3000 1254 3047 quoque,

196 3060 293 3114 ctvt,
305 3066 351 3117 42,
362 3072 408 3114 ιη
418 3062 425 3114 ξ
434 3057 535 3112 XXVI,
547 3057 579 3102 33
587 3089 593 3112 ‚
602 3072 628 3103 n.
640 3057 655 3102 5
660 3090 666 3113 ,
681 3067 705 3103 et
749 3058 861 3129 adeoch.
872 3076 939 3123 seqq.
946 3061 1051 3122 Quidam
1061 3062 1123 3109 MSS
1128 3078 1213 3126 prope.
1221 3090 1256 3098 -

199 3141 251 3197 vl,
266 3138 316 3193 31,
331 3143 378 3196 493
397 3134 550 3190 XXXVIII,
566 3134 598 3180 35
606 3167 613 3191 ,
630 3151 655 3181 n.
671 3136 704 3191 3;
748 3139 863 3185 Praestare
885 3156 981 3203 quoque
997 3141 1091 3200 judicat
1109 3142 1255 3198 Creverius,

199 3215 295 3266 Ernesti
308 3211 581 3267 clav.ctc.v.1’raetor;
595 3222 618 3259 ct
629 3212 704 3262 Perii.
748 3232 793 3262 nec
807 3217 939 3280 quidquam
951 3219 976 3264 in
996 3235 1025 3267 eo
1041 3211 1155 3277 nimium,
1172 3232 1214 3267 aut
1228 3220 1254 3267 in

200 3296 282 3343 Anim.
295 3294 352 3339 hist.
365 3308 386 3337 o.
399 3305 422 3350 7,
433 3306 459 3353 p.
472 3289 521 3336 305
534 3306 570 3352 sq.
582 3291 624 3351 qui
634 3291 705 3338 etiam
748 3295 824 3354 majus
841 3307 939 3343 auctum
954 3314 1012 3345 esse.
1027 3299 1134 3363 Propior
1153 3314 1209 3346 sane
1232 3310 1256 3345 et

200 3374 286 3430 docet,
309 3369 412 3416 consulit
429 3383 488 3414 voce
510 3369 537 3414 in
556 3367 631 3415 tilulls
653 3386 704 3416 non
747 3375 1256 3441 praesentiorperniciesSaguntinis,quam

198 3466 292 3514 semper
307 3446 427 3510 designari
442 3460 548 3503 annum,
567 3463 616 3509 quo
639 3459 703 3510 gesta
747 3451 879 3510 Romanis,
901 3456 1001 3502 interitu
1019 3455 1162 3519 Scipionum
1176 3456 1256 3503 immi-

200 3531 231 3577 sit
240 3545 289 3586 res,
302 3529 327 3574 in
338 3526 413 3574 titulis
423 3535 570 3582 memorata,
581 3525 624 3571 sed
639 3542 703 3572 non·
747 3530 828 3576 nebat.
838 3533 883 3578 En.

200 3622 323 3671 nunquam
337 3605 386 3651 hoc
398 3603 485 3651 summi
496 3603 649 3666 magistratus
661 3621 703 3650 vo·
784 3610 807 3655 3.
821 3610 866 3655 Ad
876 3609 922 3657 hoc
931 3611 1044 3669 retracti,
1055 3625 1101 3661 etc.
1116 3613 1173 3660 vide
1186 3614 1217 3660 ad
1231 3617 1255 3671 1,
1320 3609 1321 3613 ’

200 3686 311 3734 nabulum
328 3685 354 3730 in
366 3682 485 3729 honorem
499 3681 600 3739 alicujus
619 3683 704 3742 adjici,
751 3687 796 3744 34,
810 3704 834 3733 n.
847 3688 870 3734 5.

200 3763 349 3820 etiamsires,
360 3759 526 3820 cujusmentio
535 3757 578 3806 fiat
587 3795 593 3818 ,
603 3761 641 3806 vel
649 3772 704 3809 ante
783 3772 807 3818 4.
819 3765 858 3811 Ab
873 3765 984 3814 Turdulis
998 3785 1042 3815 nos
1060 3769 1107 3835 (al.
1120 3772 1152 3817 ab
1169 3771 1258 3817 Turde·

199 3841 240 3887 vel
258 3853 314 3904 post
332 3839 483 3887 consulatum
501 3837 553 3897 ejus
573 3838 702 3886 acciderit:
748 3840 826 3904 tanis)
845 3844 982 3892 veterrimis
997 3847 1118 3905 hostibus,
1135 3833 1180 3896 etc.
1200 3850 1256 3896 vide

201 3918 265 3966 unde
280 3919 373 3965 Livium
386 3917 412 3963 in
425 3917 470 3963 hac
488 3932 514 3962 re
525 3916 645 3964 haesitasse
661 3918 704 3963 mi·
747 3919 778 3967 ad
791 3923 868 3976 XXI,
886 3922 915 3981 6,
932 3940 957 3970 n.
977 3941 1003 3982 1,
1025 3943 1084 3990 opus
1105 3943 1155 3974 0550
1173 3939 1197 3974 et
1213 3944 1256 3973 ex.

201 4006 267 4042 ratur
278 3998 375 4055 1v,20,
387 4006 411 4043 et
420 3996 571 4054 XXXVIII,
584 3996 624 4043 35.
641 3995 702 4042 Con·
746 3998 836 4064 stingui
839 4017 920 4064 posse,
934 4004 1120 4067 amputabamus
1129 4018 1170 4053 aut
1179 4006 1257 4055 simile
1295 4064 1298 4068 Δ
