2768 4574
182 289 333 399 55:223&
393 310 542 380 mmm
569 311 710 378 xxm.
738 311 841 379 cnr.
868 311 968 379 xxi.
1132 308 1201 408 487

154 436 258 533 quod
271 441 333 505 sui
343 440 493 534 quisque
505 449 700 531 cognosset,
707 435 966 531 prehenderen
979 442 1015 508 si
1026 437 1119 534 quid
1132 462 1206 507 non

156 560 390 643 compareret,
403 559 581 642 repeteret.
590 547 687 617 Ante
700 549 839 631 omnia,
850 543 962 615 libera
970 571 1121 643 corpora
1125 546 1209 644 pla·

151 679 237 725 cere
249 660 325 723 sine
337 679 439 724 mora
452 653 686 724 Locrensibus
698 658 850 724 restitui:
864 677 936 722 non
950 652 1018 723 leri
1025 655 1209 746 defunctu·

159 760 261 836 rum³
269 790 402 862 pana,
421 767 487 860 qui
508 787 580 833 non
600 769 813 833 restituisset.
829 763 1065 834 Locrensium
1080 763 1210 837 deinde

159 877 371 947 concionem
382 873 522 962 habuit,
540 888 666 969 atque,
681 876 723 944 iis
736 872 934 943 libertatem
949 870 1113 971 legesque
1125 900 1211 946 suas
1274 934 1277 939 .

151 984 332 1082 populum
340 1009 531 1055 romanum
541 998 777 1081 senatumque
785 988 978 1067 restituere,
992 982 1092 1053 dixit.
1103 987 1143 1054 Si
1148 992 1214 1082 qui

160 1093 559 1165 Pleminiumtaltamve
567 1119 674 1190 quern
681 1117 850 1164 accusare
857 1090 978 1178 uellet,
988 1090 1165 1187 Rhegium
1173 1118 1213 1164 se

159 1222 373 1302 sequeretur.
384 1208 425 1275 Si
433 1205 530 1291 deP.
542 1208 707 1302 Scipione
711 1200 861 1301 publice
873 1207 978 1299 queri
988 1199 1137 1287 uellent,
1152 1225 1213 1287 ea,

160 1340 244 1412 quse
259 1320 380 1385 Loen's
401 1316 538 1405 nefarie
554 1319 591 1383 in
610 1313 696 1383 cleos
713 1314 947 1408 hominesque
951 1313 1062 1401 facta
1081 1326 1212 1397 essent,
1305 1390 1309 1395 ¹

149 1426 260 1519 jussu
283 1441 349 1494 aut
366 1423 552 1495 uoluntate
578 1429 619 1492 P.
643 1427 817 1520 Scipionis
827 1426 937 1513 facta
961 1446 1051 1507 esse,
1080 1419 1213 1516 legatos

161 1539 338 1603 mitterent
352 1538 560 1603 Messanam
565 1561 578 1620 ;
593 1533 646 1602 ibi
659 1556 698 1602 se
717 1557 799 1603 cum
812 1530 960 1602 oonsilio
978 1536 1212 1626 cogniturum.

156 1647 354 1741 Locrenses
367 1644 511 1740 praetori
528 1642 725 1739 legatisque
736 1657 772 1713 et
786 1643 925 1713 senatui
941 1666 982 1712 ac
997 1642 1136 1739 populo
1152 1666 1213 1712 ro-

160 1775 269 1822 mano
289 1753 416 1850 gratias
437 1777 569 1849 egere:
600 1777 639 1822 se
662 1750 715 1822 ad
735 1749 952 1822 Pleminium
972 1749 1214 1821 accusandum

53 1877 55 1881 ‘
157 1867 283 1932 ituros.
303 1867 518 1959 Scipionem,
536 1886 749 1959 quanquam
758 1885 897 1958 parum
916 1863 1053 1955 injuriis
1067 1865 1215 1931 ciuitatis

160 1995 238 2042 suae
261 1968 448 2057 doluerit5,
467 1997 549 2041 eum
571 1997 647 2042 esse
670 1977 805 2058 uirum,
822 1995 930 2068 quem
952 1976 1109 2040 amicum
1128 1970 1214 2056 sibi,

162 2102 273 2175 quarn
301 2085 503 2167 inimicum,
530 2080 661 2151 malint
679 2095 763 2152 esse.
786 2085 862 2151 Pro
885 2095 978 2151 certo
1002 2105 1042 2150 se
1065 2079 1213 2165 habere,

161 2178 279 2288 neque
299 2193 422 2287 jussu,
443 2189 560 2290 neque
584 2191 771 2263 uoluntate
795 2198 837 2263 P.
863 2196 1038 2290 Scipionis
1064 2207 1214 2264 tottam

162 2300 324 2392 nefanda
343 2308 556 2372 commissa:
577 2318 644 2372 aut
657 2300 839 2373 'Pleminio
862 2307 1030 2389 nimium,
1055 2317 1122 2372 aut
1144 2302 1216 2373 sibi

153 2435 291 2507 parurn
305 2412 486 2482 creditum.
504 2417 648 2485 Natura
666 2419 810 2484 insitum
828 2413 1046 2511 quibusdam
1065 2408 1158 2499 essa,
1177 2428 1218 2482 at

161 2526 276 2614 magis
281 2528 432 2618 peccari
442 2522 569 2609 nolint,
584 2548 697 2620 quam
710 2529 797 2594 satis
808 2521 987 2593 animiacl
993 2523 1218 2592 uindicanda

153 2644 308 2722 peccata
326 2631 495 2701 habeant.
509 2637 554 2702 Et
563 2634 706 2728 praetori
715 2646 752 2702 et
763 2632 912 2702 consilio
926 2628 1023 2700 haud
1036 2629 1217 2702 mediocre

162 2759 257 2805 onus
274 2735 461 2834 demptum
477 2754 552 2809 erat
567 2740 613 2811 de
631 2741 797 2836 Scipione
816 2740 1068 2834 cognoscendi.
1087 2738 1215 2810 Plemi-

164 2845 266 2913 nium
278 2860 314 2916 et
328 2845 372 2916 ad
388 2846 462 2916 duo
481 2861 518 2917 et
531 2849 675 2942 triginta
693 2847 859 2917 homines
874 2870 957 2917 cum
972 2872 1015 2919 eo
1029 2847 1219 2918 damnave-

163 2967 272 3040 runt,
287 2968 395 3050 atque
411 2956 450 3024 in
463 2956 596 3025 catenis
615 2961 764 3028 Romam
777 2957 953 3026 miserunt
970 2982 978 3027 :
998 2958 1066 3055 ipsi
1086 2955 1132 3025 ad
1149 2956 1219 3026 sci-

164 3063 309 3160 pionem
338 3062 491 3161 proiecti
518 3079 624 3152 sunt,
648 3077 689 3135 ut
716 3090 758 3135 ea
780 3089 948 3163 quoque,
981 3089 1061 3163 quoe
1078 3064 1220 3161 vulgata

163 3171 391 3243 sermonibus
405 3188 507 3243 erant
523 3174 570 3244 de
589 3174 690 3246 cuitu
710 3199 751 3246 ac
769 3174 902 3247 desidia
919 3176 1144 3272 imperatoris
1163 3199 1220 3245 so·

163 3280 311 3378 lotaque
322 3282 456 3354 militiae
472 3282 675 3381 disciplina,
691 3298 874 3382 comperta
891 3285 1004 3356 oculis
1019 3280 1219 3382 perferrent

164 3397 325 3462 Romam.

164 3546 191 3593 in
210 3549 308 3612 optimis
325 3551 404 3609 MSS,
420 3551 486 3600 uude
507 3552 585 3601 Gron.
602 3555 667 3614 conj.
710 3569 783 3617 supra
794 3552 826 3600 ad
839 3552 928 3600 librum
941 3554 992 3610 Vi,
1012 3567 1065 3616 cap.
1082 3566 1114 3610 1,
1128 3561 1182 3598 not.
1191 3550 1217 3598 ⁶.

164 3636 209 3672 aut
217 3641 265 3672 non
272 3643 342 3675 rreum
353 3629 526 3678 cunamen-2
537 3631 610 3692 Quod
614 3631 654 3678 rui
656 3666 665 3689 ,
746 3632 770 3678 3.
778 3632 836 3679 Non
844 3631 890 3679 levi
896 3631 1151 3697 defiincturumpoenm
1160 3629 1217 3677 vide

165 3703 268 3766 utrpud
278 3704 330 3755 Cic.
342 3707 450 3766 offinl,
465 3710 549 3766 31,et
560 3708 591 3757 ιΙ.
601 3710 670 3773 quod
711 3709 926 3769 nd11‚35‚n.2.
1007 3764 1009 3768 .

165 3779 244 3838 Μ’,
267 3783 391 3844 prandii,
416 3786 591 3850 supplementi,
620 3798 667 3835 etc.
746 3788 807 3842 4.δί
818 3786 862 3852 qui
876 3786 1035 3843 Pleminium,
1050 3783 1217 3844 cte.vid.V1,

165 3858 436 3925 Drah-‚Cogrrossem
449 3865 546 3914 vidend
558 3868 610 3924 111,
623 3882 667 3925 ro,
712 3867 758 3924 32,
774 3882 801 3914 n.
811 3867 839 3915 3.
852 3893 887 3904 --
903 3865 1002 3913 Publice
1018 3863 1088 3928 queri
1092 3897 1101 3920 ,
1118 3863 1217 3911 nomine

166 3953 192 3987 n.
202 3953 224 3987 1.
237 3937 455 3999 -Prelsenderet,
469 3944 516 3991 sihi
525 3943 667 3992 vindicaret.
711 3944 823 3992 civitatis.
833 3943 905 3996 Conf.
916 3933 947 3992 nd
957 3945 996 4003 11,
1011 3949 1093 4003 tnn.
1106 3942 1145 3990 13.
1207 3982 1210 3986 .

74 4028 76 4032 ’
165 4043 200 4072 ·,-·
219 4016 246 4064 Si
269 4017 330 4082 qnid
352 4034 400 4066 non
424 4033 598 4089 comparenti
612 4022 667 4073 vide
747 4023 874 4071 5.Parom
887 4020 1096 4087 injuriiscioitatis
1109 4037 1161 4080 sitm
1173 4019 1216 4066 do·
