2768 4574
132 340 140 347 ·
185 317 304 428 lzssttlsst
395 337 486 403 Lm.
514 338 655 403 xxix.
681 337 786 404 eir.
813 336 882 402 111.
910 337 974 402 iv.
1144 330 1214 416 453

158 463 351 552 Magonem
366 482 413 526 ex
431 455 551 526 Gallia
565 481 703 526 movere
720 455 891 524 tumultus
909 455 1127 551 quidquam,
1153 480 1217 525 uec
1276 496 1286 505 .

155 570 370 662 conjungere
381 592 457 638 sese
470 566 674 637 Hannibali
686 592 696 634 .·
710 562 996 635 etHannibalem
1012 570 1128 660 msam
1132 567 1216 660 jam

157 677 310 764 etfama
327 700 521 762 senescere,
542 693 578 746 et
595 676 732 745 viribus
744 686 769 744 7.

204 789 264 854 IV.
296 792 339 856 ln
360 786 435 856 haec
452 785 618 856 deflenda
643 785 830 881 prolapsos
856 782 901 853 ab
928 785 1064 853 recenti
1086 788 1217 855 nuntio

157 893 296 963 animos
325 919 447 965 rursus
470 909 586 965 terror
613 896 750 964 instans
773 895 974 964 revocavit¹
998 892 1043 962 ad
1072 896 1216 965 consul-

157 1002 327 1088 tandum,
341 1028 500 1098 quonam
518 1005 629 1075 modo
645 1003 787 1074 obviam
801 1002 1034 1100 praesentibus
1050 1004 1218 1100 periculis

158 1111 278 1182 iretur.
293 1113 460 1184 Delectus
472 1117 603 1211 raptim
618 1115 656 1184 in
668 1113 760 1184 urbe
769 1115 935 1210 agrisque
948 1112 1074 1183 haberi
1089 1112 1217 1210 placet,

157 1222 298 1291 mittere
317 1223 362 1292 ad
382 1223 617 1295 conducenda
635 1222 803 1294 Afrorum
824 1222 976 1310 auxilia,
994 1223 1136 1292 munire
1156 1247 1218 1291 ur·

158 1331 261 1414 hem,
276 1330 499 1404 frumentum
525 1333 745 1419 convehere,
768 1333 853 1419 tela,
880 1357 977 1402 arma
1003 1355 1146 1429 parare,
1166 1332 1218 1400 in·

157 1457 295 1513 struere
322 1470 428 1515 naves
448 1470 489 1514 ac
514 1445 657 1515 mittere
679 1445 722 1514 ad
746 1446 949 1541 Hipponem
975 1443 1143 1512 adversus
1159 1466 1218 1510 ro·

156 1576 298 1622 manam
318 1553 475 1624 classem.
496 1559 574 1622 Iam
596 1553 669 1624 haec
688 1552 878 1650 agentibus
899 1553 1050 1621 nuntius
1074 1551 1217 1621 tandem

157 1662 272 1749 venit,
297 1663 464 1750 Laelium,
489 1687 565 1732 non
587 1664 813 1760 Scipionem,
839 1663 1053 1759 copiasque,
1075 1676 1219 1757 quantae

157 1771 203 1842 ad
221 1773 444 1845 incursiones
462 1798 630 1870 agrorum
650 1773 733 1843 satis
749 1773 839 1859 sint,
863 1786 1099 1856 transvectas;
1120 1795 1218 1840 sum-

158 1905 224 1951 mae
235 1881 321 1952 belli
333 1883 488 1953 molcm²
502 1881 620 1953 adhuc
630 1884 668 1951 in
681 1882 799 1952 Sicilia
815 1905 901 1951 esse.
923 1886 975 1950 Ita
990 1881 1218 1976 respiratum,

158 1991 324 2086 mittique
350 1991 394 2061 ad
421 1992 620 2088 Syphacem
646 1992 841 2089 legationes
868 1991 1027 2087 aliosque
1055 1991 1219 2088 regulos,

158 2097 342 2171 firmandae
357 2103 534 2172 societatis
549 2126 670 2188 causa,
689 2116 825 2198 coeptae.
845 2100 899 2170 nd
909 2100 1115 2197 Philippum
1130 2127 1220 2197 quo·
1272 2142 1274 2146 ·

158 2234 230 2305 que
247 2211 360 2298 missi,
379 2212 443 2306 qui
461 2209 618 2282 ducenta
636 2213 777 2307 argenti
795 2211 928 2282 talenta
946 2211 1217 2309 pollicerentur,

158 2335 199 2389 ut
214 2322 252 2390 in
262 2321 430 2409 Siciliam,
443 2337 504 2392 aut
515 2323 553 2391 in
562 2322 698 2392 Italiam
708 2322 897 2416 trajiceret.
908 2321 1006 2392 Missi
1018 2336 1054 2392 et
1067 2322 1113 2392 ad
1127 2321 1219 2393 duos

158 2432 391 2528 imperatores
418 2434 456 2502 in
475 2431 629 2519 Italiam,
655 2446 696 2500 ut
721 2432 820 2500 omni
848 2445 986 2501 terrore
1014 2431 1218 2528 Scipionem

158 2543 384 2613 retinerent:
407 2542 452 2613 ad
473 2547 664 2639 Magonem
687 2566 762 2611 non
785 2539 892 2636 legati
914 2540 1042 2623 mod0,
1075 2539 1137 2609 sed
1164 2542 1218 2608 vi-

158 2652 248 2747 ginti
261 2652 423 2747 quinque
441 2676 549 2722 naves
563 2653 693 2748 longae,
711 2676 771 2721 sex
785 2650 896 2719 millia
910 2649 1092 2746 peditum,
1106 2650 1220 2718 octin-

159 2765 257 2860 genti
276 2767 433 2859 equiteS,
454 2779 592 2862 septem
615 2763 818 2861 elephanti,
843 2761 979 2831 adhoc
1004 2786 1133 2858 magna
1155 2786 1220 2858 pe-

160 2875 265 2943 cunia
287 2872 331 2943 ad
353 2873 591 2944 conducenda
612 2873 761 2959 auxilia,
783 2870 916 2969 quibus
937 2868 1049 2941 fretus
1071 2871 1221 2967 propius

158 2982 287 3054 urbem
305 3007 489 3054 romanam
514 2985 708 3054 exercitum
729 2981 952 3067 admoveret,
966 2981 1220 3077 conjungeret-

160 3120 231 3191 que
258 3119 294 3164 se
319 3093 521 3164 Hannibali.
551 3100 632 3164 Haec
662 3093 877 3189 Carthagine
907 3089 1082 3189 parabant
1108 3091 1221 3186 agitaa

159 3204 330 3301 bantque.
347 3204 402 3274 Ad
417 3204 582 3290 Laelium,
596 3204 732 3301 praedas
748 3205 911 3300 ingentes
926 3227 970 3271 ex
988 3225 1073 3298 agro
1091 3201 1220 3270 inermi

161 3339 201 3383 ac
221 3314 321 3385 nudo
339 3314 509 3412 praesidiis
528 3327 714 3410 agentem,
732 3313 933 3398 Masinissa,
952 3308 1046 3379 fama
1062 3334 1222 3380 romanae

160 3425 280 3495 classis
297 3428 450 3508 excitus,
466 3448 548 3495 cum
566 3422 747 3520 equitibus
761 3424 885 3520 paucis
898 3422 1008 3490 venit.
1021 3424 1055 3489 Is
1070 3425 1226 3513 segniter
1296 3511 1297 3514 Ἴ

160 3559 236 3603 rem
248 3542 311 3629 agi
322 3536 370 3604 ab
384 3539 547 3634 Scipione
561 3547 721 3630 questus,
736 3534 838 3629 qaod
849 3548 924 3601 tam
938 3556 1012 3600 uon
1019 3533 1104 3625 jam
1119 3554 1224 3598 exer-

198 3777 220 3819 7.
236 3757 355 3822 Etfama
373 3775 505 3816 senescere,
520 3758 669 3815 etniribus‚·
715 3757 762 3813 38,
780 3773 804 3802 n.
820 3764 850 3814 4,
873 3766 897 3802 et
910 3757 963 3812 III,
989 3755 1019 3809 5,
1040 3769 1068 3801 n.
1083 3751 1109 3799 6.
1132 3777 1167 3786 -
1182 3751 1229 3798 Aa

161 3838 217 3884 vide
229 3836 261 3884 ad
271 3841 295 3894 I,
305 3853 353 3896 aa,
365 3853 390 3884 n.
400 3838 423 3883 3.
714 3835 774 3881 ditos
784 3835 952 3897 imperatores,
968 3830 1129 3879 Hannibalem
1137 3831 1225 3892 Mago-

196 3917 669 3973 CansV.1.1tursasterrorrevoeavit,·
713 3929 823 3976 nemque.
840 3937 875 3948 --
892 3911 940 3957 Sed
955 3912 1029 3958 XXV
1039 3924 1113 3954 naves
1128 3910 1225 3975 longa,-

163 3997 218 4045 vide
229 3997 260 4044 ad
271 3997 368 4054 XLIII,
383 4009 428 4053 ao,
441 4011 467 4043 n.
479 4011 503 4044 a.
714 3992 813 4038 vidend
828 3994 852 4048 I,
864 3999 908 4048 4ο,
918 4007 943 4036 n.
954 4005 976 4046 1,
987 4001 1011 4036 et
1021 3989 1099 4046 xxt,
1111 4003 1151 4048 17,
1163 4004 1187 4034 n.
1199 3987 1225 4036 5.

198 4093 223 4124 a,
241 4078 343 4124 Summa
355 4074 410 4145 belli
422 4074 525 4132 molem
540 4074 597 4123 vide
606 4074 671 4132 adl,
715 4099 748 4108 -·
764 4069 1043 4128 Adtoc;vid.11‚23,
1058 4083 1083 4115 n.
1094 4067 1119 4118 3·
