2768 4574
162 304 228 374 382
579 307 616 370 r.
648 308 786 373 mvn
1063 285 1197 398 ῧῑὲῑέἶὲξ

161 434 340 497 Romanos
349 423 521 520 gerebant
532 423 665 494 odium.
680 430 754 495 Nec
766 425 894 495 urbem
907 440 969 495 aut
984 427 1054 495 situ
1067 441 1132 497 aut
1146 454 1226 500 mu-

161 541 323 609 nimento
341 551 454 607 tutam
475 535 673 619 habebant,
691 562 771 632 quae
789 522 980 608 ferociores
1005 538 1047 606 iis
1071 541 1225 611 animos

161 648 292 720 faceret
309 675 316 716 :
332 647 395 717 sed
409 646 550 744 ingenia
563 647 761 717 incolarum
780 647 966 717 latrocinio
981 647 1078 735 lacta,
1093 663 1141 718 ut
1157 676 1224 721 ex-

161 760 343 831 cursiones
352 759 389 826 in
397 756 590 826 finitimum
601 782 724 854 agrum
737 759 916 828 sociorum
929 757 1055 853 populi
1070 763 1224 830 romani
1269 789 1273 794 ·

160 870 335 953 facerent,
351 867 585 964 impulerant,
605 881 641 936 et
659 890 767 965 vagos
784 867 914 973 milites
928 889 1098 935 romanos
1113 867 1223 939 lixas-

159 1003 231 1076 que
250 993 285 1048 et
300 991 515 1047 mercatores
530 977 746 1072 exciperent.
762 981 933 1072 Magnum
948 978 1054 1047 etiam
1066 978 1225 1048 comita-

159 1085 271 1174 tum3,
291 1089 375 1183 quia
389 1088 511 1182 paucis
526 1110 653 1182 parum
668 1102 786 1156 tutum
799 1085 933 1171 suerat,
951 1086 1223 1182 transgredien-

158 1216 231 1271 tem
252 1195 361 1280 fines,
382 1196 506 1291 positis
529 1195 665 1266 insidiis
684 1199 965 1283 cirumventam,
982 1197 1111 1291 iniquo
1133 1197 1221 1269 loco

159 1304 424 1379 interfecerunt.
451 1304 504 1374 Ad
522 1304 620 1375 'hanc
644 1304 770 1375 urbem
793 1306 1071 1402 oppugnandam
1094 1331 1221 1402 quum

157 1416 323 1488 admotus
346 1416 522 1485 exercitus
539 1430 648 1502 esset,
670 1414 841 1513 oppidani
859 1416 1075 1486 conscientia
1099 1417 1221 1490 scele-

157 1552 254 1614 rum,
273 1526 357 1621 qnia
377 1549 443 1595 nec
459 1524 593 1594 deditio
608 1540 683 1595 tuta
699 1524 740 1594 ad
758 1540 829 1594 tam
845 1523 992 1594 infestos
1001 1522 1220 1615 videbatur,

156 1663 223 1709 nec
241 1661 321 1733 spes
341 1633 520 1703 moenibus
541 1649 602 1705 aut
621 1636 727 1704 armis
750 1635 892 1705 tuendae
912 1634 1033 1704 salutis
1050 1648 1152 1723 erat,
1167 1636 1221 1708 fa-

157 1750 258 1817 cinus
279 1746 315 1814 in
337 1770 373 1814 se
390 1769 430 1814 aa
444 1769 526 1813 snos
542 1742 680 1813 foedum
697 1769 737 1814 ao
755 1744 870 1814 ferum
890 1743 1130 1814 consciscunt.
1145 1749 1221 1815 Lo-

156 1881 239 1928 cum
261 1857 299 1924 in
315 1852 395 1922 foro
414 1852 612 1940 destinant,
630 1879 705 1951 quo
725 1854 976 1950 pretiosissima
992 1876 1117 1921 rerum
1134 1877 1220 1924 sua-

155 1990 234 2036 rum
256 1976 502 2058 congererent.
523 1967 639 2059 Super
661 1988 743 2033 eum
765 1963 950 2033 cumulum
973 1962 1156 2057 conjuges
1173 1989 1219 2035 ac

154 2074 285 2145 liberos
311 2069 498 2140 considere
527 2097 641 2167 quum
666 2073 869 2166 jussissent,
901 2073 997 2168 ligna
1023 2073 1119 2142 circa
1147 2098 1219 2145 ex-

155 2196 316 2265 struunt,
335 2180 519 2276 fascesque
536 2182 773 2278 virgultorum
792 2182 999 2276 conjiciunt.
1016 2182 1218 2278 Quinqua-

153 2294 251 2389 ginta
267 2289 397 2361 deinde
412 2292 553 2360 armatis
564 2291 758 2384 juvenibus
773 2291 1003 2387 praecipiunt,
1018 2305 1073 2373 ut,
1093 2290 1219 2363 donec

155 2409 306 2471 incertus
325 2415 467 2468 eventus
475 2424 614 2495 pugnae
632 2417 738 2487 esset,
749 2400 964 2497 praesidium
979 2423 1021 2468 eo
1039 2397 1120 2468 loco
1126 2403 1219 2490 firr-

154 2528 322 2582 tunarurn
335 2513 505 2578 suarum‘*
519 2534 791 2607 corporumque,
807 2535 890 2607 quoe
903 2515 1043 2579 cariora
1042 2510 1219 2598 fortunis

153 2638 282 2707 essent,
301 2635 487 2690 servarent.
510 2623 549 2689 Si
569 2646 642 2689 rem
665 2622 872 2691 inclinatam
894 2620 1072 2705 viderent,
1096 2635 1219 2717 atque

152 2737 190 2800 in
203 2733 334 2825 eojam
349 2754 436 2816 esse,
453 2746 493 2798 ut
503 2729 587 2800 urbs
601 2747 804 2827 caperetur;
817 2736 947 2800 scirent
959 2754 1099 2816 omnm,
1117 2756 1217 2827 quos

150 2844 272 2910 euntes
289 2846 325 2907 in
341 2838 513 2935 praelium
534 2857 732 2928 cernerent,
757 2857 903 2910 mortem
923 2847 1055 2937 inipso
1071 2866 1217 2937 pugna

150 2949 316 3019 obituros.
336 2948 421 3017 Illos
442 2973 480 3017 se
495 2942 673 3044 per'deos
695 2975 841 3046 superos
860 2952 1061 3046 inferosque
1079 2974 1213 3040 orare,

151 3073 192 3126 ut
205 3080 378 3126 memores
399 3055 585 3144 libertatis,
609 3058 770 3154 quirillo
791 3061 849 3129 die
875 3076 941 3129 aut
955 3074 1067 3129 morte
1090 3060 1214 3133 Itone-

149 3182 221 3253 sto,
243 3181 309 3259 aut
328 3169 489 3233 servitute
507 3169 638 3255 irffami
648 3170 820 3264 finienda
847 3186 954 3257 esset,
982 3168 1076 3239 nibil
1095 3171 1211 3242 relin-

148 3344 199 3377 non
210 3329 290 3377 coacti
300 3328 365 3375 bello
375 3338 417 3373 aut
429 3327 530 3375 incitati.
539 3356 574 3364 -
583 3330 653 3376 Gerr·
696 3332 770 3380 hodie
792 3335 882 3380 factum
902 3333 999 3380 crudele
1021 3334 1120 3391 vocari,
1136 3335 1213 3397 quod

149 3410 222 3464 baon·
232 3406 289 3453 vide
303 3405 334 3452 ad
346 3408 483 3464 111,47,n.
496 3422 516 3453 1·
696 3422 763 3458 antea
776 3413 803 3458 in
815 3412 953 3475 Saguntinis
962 3423 990 3458 ut
998 3411 1062 3478 forte
1074 3410 1211 3461 laudatum

182 3488 206 3535 3.
217 3487 334 3549 Magnum
350 3484 423 3530 etiam
436 3483 589 3541 comitatum,
606 3502 652 3532 nn·
696 3490 780 3537 fircrat.
794 3491 841 3538 ted
852 3491 945 3538 scilicet
953 3490 1002 3537 hoc
1010 3505 1056 3553 pro
1069 3492 1209 3551 Romanis,

146 3580 238 3613 merum
247 3565 351 3611 militum
360 3574 567 3625 mercatorumque
580 3565 652 3611 simul
694 3567 755 3614 illud
764 3580 849 3615 contra
858 3571 982 3617 Romanos
992 3567 1083 3615 editum
1091 3568 1150 3617 tuit.
1160 3573 1209 3621 Eo.

146 3643 363 3708 peregrinantium,
376 3653 404 3689 ut
416 3659 455 3706 ap.
473 3642 534 3689 Caes.
548 3645 576 3690 B.
588 3644 615 3691 C.
626 3647 650 3702 1,
729 3654 753 3699 4.
772 3647 927 3703 Prcosidium,
942 3646 1091 3706 custodiam,
1105 3662 1136 3693 oo
1151 3649 1208 3697 loco

146 3724 192 3779 48,
201 3719 528 3779 51,54.—Deditioadtam
537 3720 650 3786 infestos,·
686 3723 846 3788 fortunarum
853 3741 965 3781 suarum,
982 3740 1061 3771 rerum
1075 3726 1207 3788 protiosis-

146 3799 202 3846 vide
218 3800 249 3847 ad
270 3804 306 3858 11,
323 3797 368 3857 13,
380 3817 405 3846 n.
420 3808 443 3854 4.
458 3827 492 3836 —-
503 3801 644 3848 Facinus...
694 3802 818 3865 simarum,
836 3818 1023 3867 corporumque,
1033 3819 1090 3866 quoe
1102 3803 1158 3869 ω]
1168 3822 1208 3855 es-

138 3875 235 3941 foedum
248 3895 278 3923 ac
289 3877 379 3940 feram.
400 3880 447 3925 Hic
460 3879 555 3926 Livium
568 3880 650 3926 defen·
693 3892 760 3935 sent,
771 3880 847 3928 scilic.
857 3882 988 3946 conjugum
1002 3878 1207 3946 liberorumque,

146 3958 203 4003 dere
213 3971 264 4001 non
276 3957 352 4003 ausim
364 3957 478 4004 adversus
489 3959 647 4015 Glareanum,
691 3970 829 4014 samaram,-
843 3962 906 4008 conf.
924 3961 955 4008 ad
971 3959 1061 4007 librum
1079 3962 1206 4021 xxxtv,

144 4034 209 4082 haud
236 4034 355 4081 immerito
383 4036 565 4095 observantem,
588 4037 647 4083 illud
693 4038 857 4099 cap.9,n..5.
