2768 4574
119 323 123 330 .
179 298 202 340 t,
217 295 239 333 C.
255 305 299 344 209.

181 355 298 399 Μ,
375 304 988 379 Lrssnxxvucsnvur.
1144 310 1214 410 239
1276 307 1277 310 ‘

151 447 317 505 senatum
327 432 550 526 rejecerunt:
565 442 711 498 senatus
723 430 851 526 populi
864 443 1102 528 potestatem²
1118 431 1212 504 lecit.

152 551 205 614 Ita
220 543 357 641 primus
378 567 422 612 ex
438 537 545 636 plebe
564 553 704 609 creatus
718 539 896 609 maximus
915 541 1016 611 curio
1028 545 1071 610 C.
1088 545 1217 613 Mami-

152 655 221 724 lius
240 651 385 723 Vitulus
407 677 414 718 :
437 664 472 721 et
489 647 674 720 flaminem
690 648 822 720 dialem
837 651 993 720 invitum
1011 653 1218 750 inaugurari

151 766 268 860 coegit
280 769 318 834 P.
328 763 487 834 Licinius
502 757 667 858 pontifex
681 761 857 831 maximus
871 763 912 830 C.
924 761 1106 832 Valerium
1117 765 1217 836 Flac·

152 873 442 944 cumDecernvir
454 871 561 940 sacris
573 867 750 940 faciundis
761 885 903 941 creatus
912 872 950 940 in
962 871 1084 942 locum
1091 875 1135 964 Q.
1144 878 1218 946 Mu·

152 988 198 1056 cii
212 983 375 1056 Scaevolae
389 983 573 1052 demortui
587 985 623 1051 C.
635 982 821 1052 Laetorius.
841 986 993 1052 Causam
1012 984 1219 1083 inaugurari

152 1097 266 1166 coacti
291 1094 444 1164 flaminis
462 1090 579 1162 libens
603 1092 846 1179 retinuissem,
869 1094 908 1161 ni
936 1117 981 1162 ex
1007 1092 1102 1164 mala
1126 1093 1219 1168 lama

151 1209 191 1277 in
209 1204 344 1276 bonam
361 1198 552 1274 vertisset³
573 1229 580 1271 :
598 1200 648 1273 ob
668 1201 948 1273 adolescentiam
974 1204 1218 1303 negligentem

151 1317 448 1411 luxuriosamque
474 1317 513 1384 C.
530 1313 676 1383 Flaccus
701 1311 835 1383 flamen
860 1317 1008 1410 captus‘*
1032 1340 1053 1385 a
1074 1320 1111 1385 P.
1126 1318 1217 1388 Lici-

152 1431 214 1498 nio
236 1425 408 1525 pontifice
429 1427 586 1495 maximo
607 1438 701 1512 erat,
723 1429 761 1494 L.
778 1423 904 1494 Flacco
926 1423 1027 1494 fratri
1044 1450 1217 1522 germano

152 1537 386 1634 cognatisque
397 1535 474 1605 aliis
484 1533 533 1605 ob
546 1534 672 1605 eadem
686 1534 771 1603 vitia
783 1535 930 1604 invisus.
940 1537 990 1621 Is,
1007 1549 1047 1604 nt
1057 1539 1218 1608 animum

153 1648 229 1741 ejus
239 1670 326 1717 cura
335 1669 519 1716 sacrorum
534 1658 571 1715 et
583 1646 868 1715 ceremoniarum
880 1645 993 1742 cepit,
1007 1647 1055 1716 ita
1068 1662 1218 1746 repente

152 1757 269 1826 exsuit
284 1756 454 1851 antiquos
471 1779 607 1840 mores,
623 1769 666 1824 ut
683 1777 792 1824 nemo
810 1768 886 1824 tota
904 1755 1096 1849 juventute
1110 1757 1219 1830 habe·

152 1882 254 1938 retur
275 1868 397 1964 prior,
420 1889 489 1936 nec
509 1863 698 1963 probatior
719 1852 942 1962 primoribus
962 1870 1126 1954 Petrum,
1147 1871 1220 1941 suis

152 1979 285 2074 pariter
302 1977 518 2073 alienisque,
538 1989 641 2046 esset.
658 1975 775 2069 Hujus
788 1974 890 2046 samm
907 2001 1087 2048 consensu
1104 1979 1219 2051 elatus

135 2087 198 2162 ad
212 2089 345 2182 justam
361 2085 532 2156 fiduciam
553 2086 626 2172 sni,
644 2110 720 2157 rem
741 2087 980 2159 intermissam
1002 2112 1069 2185 per
1083 2091 1219 2163 multos

153 2224 269 2270 annos
290 2196 339 2268 ob
362 2197 614 2295 indignitatem
634 2195 823 2268 flaminum
847 2199 1010 2296 priorum
1032 2191 1218 2298 repetivit,

154 2325 194 2380 ut
212 2313 249 2380 in
261 2310 620 2382 senatum-introiret.
636 2313 842 2405 Ingressum
855 2332 938 2382 eum
955 2311 1091 2380 curiam
1105 2335 1219 2406 quum

154 2561 195 2602 27,
209 2561 234 2593 n.
248 2546 275 2608 α)
291 2546 327 2593 ad
337 2559 448 2594 senatum
460 2565 511 2595 rem
526 2547 609 2615 (quam
620 2563 663 2593 vo.
706 2547 771 2610 inpr.
781 2545 935 2604 Vestalibus,
954 2562 1002 2610 pro
1015 2547 1120 2606 electus,
1134 2549 1219 2613 prodi·

153 2623 662 2690 cemexcidissebenesuspicabatuiGrou.)
707 2624 757 2690 tus)
767 2641 784 2671 a
797 2623 913 2691 pontifice
924 2625 1034 2672 maximo
1040 2661 1049 2683 ,
1065 2629 1108 2690 qui
1117 2639 1165 2675 tres
1174 2644 1219 2676 no-

133 2773 134 2776 *
153 2701 301 2766 rejecerunt,·
314 2703 371 2750 vide
382 2704 413 2750 ad
427 2706 467 2763 11,
476 2721 509 2750 aa
520 2739 527 2762 ‚
545 2721 570 2752 n.
583 2712 607 2760 4.
707 2703 815 2750 minabat
824 2703 954 2767 patrimus,
964 2719 995 2750 ex
1005 2703 1094 2767 quibus
1102 2723 1116 2753 a
1124 2707 1219 2772 populo

189 2795 212 2825 s.
223 2781 325 2827 Senatus
333 2781 423 2844 populi
432 2793 578 2844 potestatem
583 2782 663 2847 fecit,

153 2859 247 2907 seilicet
260 2875 325 2917 rem,
339 2860 379 2906 vel
390 2876 455 2917 eam,
468 2860 583 2908 Curionis
597 2876 661 2908 max.

153 2938 251 2987 creandi
264 2955 306 2986 seu
323 2955 337 2985 e
357 2938 469 2985 Patribus
487 2954 530 2985 seu
546 2955 559 2985 e
574 2939 661 3004 plebe3

153 3020 230 3066 Gron.
246 3017 288 3080 qui
300 3035 314 3065 e
325 3019 388 3065 MSS
400 3010 489 3080 populi
501 3027 616 3080 tanquam
630 3018 663 3065 la·

153 3098 228 3145 tinias
246 3113 293 3161 pro
311 3097 377 3161 vulg.
388 3096 482 3159 populo
498 3096 597 3158 recepit.
617 3099 664 3142 Po-

153 3187 260 3224 aestaset
273 3176 401 3223 arbitrium
412 3189 588 3237 nonnunquam
602 3173 664 3235 ellel·

153 3256 243 3312 sarid,
257 3255 325 3319 quod
340 3256 368 3302 iu
385 3263 506 3319 potestate
524 3265 548 3301 et
562 3252 664 3300 arbitrio

152 3336 254 3396 alicujus
268 3336 376 3400 positum
389 3345 435 3391 est;
448 3333 514 3380 conf.
529 3331 561 3379 ad
573 3333 663 3390 xxu,

154 3430 196 3470 aa,
206 3431 231 3462 n.
241 3416 266 3471 5,
276 3427 300 3463 et
310 3416 402 3471 IILIII,
415 3413 455 3471 15,
464 3427 489 3459 n.
500 3411 664 3460 a.—Eodem

152 3492 228 3539 modo
245 3493 311 3556 apud
330 3492 470 3540 Sallustium
485 3491 600 3554 Iugurth.
613 3492 663 3550 78:

155 3571 236 3632 Groeci
245 3571 365 3634 optionem
379 3569 617 3636 Carthaginiensium
620 3570 664 3636 fia-

152 3650 226 3696 c'iunt.
236 3652 281 3696 En.

189 3730 212 3774 3.
231 3727 267 3775 Ni
279 3727 356 3792 ferma
375 3729 403 3776 C.
418 3729 510 3776 Valerii
528 3729 609 3776 Flacci
631 3743 664 3775 ese

152 3807 219 3854 mala
241 3807 303 3854 fama
331 3807 355 3852 in
379 3807 469 3854 bonam
492 3807 604 3855 tersisset
623 3823 662 3863 se,

151 3903 219 3934 versa
234 3886 333 3944 fulsset3
345 3885 401 3932 vide
411 3885 443 3933 ad
453 3887 491 3940 11,
506 3887 531 3944 3,
540 3903 565 3932 n.
576 3903 600 3933 a.

189 3975 212 4022 4.
226 3967 251 4014 C.
260 3966 361 4013 Flaccus
366 3964 461 4030 flamen
471 3976 556 4028 captus
572 3964 634 4030 (scil.
649 3981 662 4013 e

156 4047 277 4111 patrimis,
301 4055 328 4092 ut
346 4043 405 4096 alibi
425 4043 461 4091 de
479 4043 663 4100 sacerdotibus,

707 2784 734 2830 in
748 2782 855 2830 comitiis
866 2782 965 2830 tributis
974 2782 1100 2846 legebatur
1114 2801 1179 2833 unus
1195 2798 1220 2834 et

707 2879 721 2908 a
740 2863 813 2909 Pont.
834 2863 902 2910 Max.
925 2863 1127 2928 inaugurabatur.
1147 2866 1218 2915 Gont.

707 2941 765 2987 Tac.
778 2939 868 2987 Annal.
877 2938 923 2997 IV,
933 2939 980 2999 16,
997 2951 1022 2988 et
1034 2942 1086 2991 Cic.
1098 2946 1155 3008 Leg.
1166 2960 1217 3010 agr.

708 3021 745 3076 Η,
762 3033 786 3078 7.
799 3044 833 3054 -
848 3017 896 3067 nie
912 3016 1009 3066 disserit
1023 3020 1151 3070 Cressa-lus
1163 3040 1219 3071 ver-

707 3096 766 3144 bum
780 3096 837 3160 capi
853 3098 879 3144 ln
896 3096 943 3144 hac
960 3114 986 3144 re
1002 3102 1129 3163 proprium
1148 3118 1218 3152 esse:

708 3174 835 3222 dicebatur
850 3176 915 3222 enim
931 3175 1017 3223 flamen
1035 3179 1104 3242 rapi,
1123 3182 1220 3229 vestalis

708 3253 778 3317 capi,
790 3252 817 3299 id
826 3264 876 3310 est,
886 3252 944 3317 eligi
953 3270 967 3300 a
975 3253 1094 3318 pontifice
1103 3258 1217 3308 maximo.

707 3331 767 3379 vid.
778 3334 810 3379 A.
818 3332 937 3388 Gellium,
947 3332 991 3380 lib.
1001 3336 1022 3391 1,
1030 3349 1083 3398 cap.
1096 3352 1135 3385 ra.
1144 3339 1220 3400 Quod

707 3409 848 3460 autemuic
865 3413 892 3460 L.
913 3411 1011 3459 Flaccus
1029 3411 1117 3461 flamen
1133 3428 1220 3480 captus

708 3499 883 3537 memoratura
899 3488 1017 3553 pontifice
1035 3506 1098 3538 max.
1113 3492 1147 3539 ob
1160 3495 1220 3542 aslo-

707 3568 850 3617 leseentiam
873 3568 1035 3633 negligentem
1059 3570 1219 3620 luxuriosam.

709 3665 770 3712 que,
789 3648 906 3695 nimirum
921 3647 962 3694 rel
980 3649 1087 3712 speravlt
1106 3653 1220 3713 pestifer

708 3727 751 3788 id,
763 3727 831 3791 quod
843 3727 938 3785 evenit,
951 3727 1005 3774 sore
1015 3738 1042 3774 ut
1056 3728 1151 3778 animus
1167 3732 1221 3793 ejus

708 3822 766 3854 cura
773 3821 899 3854 sacrorum
908 3816 933 3854 et
943 3806 1138 3859 ceremoniarum
1148 3826 1220 3859 oceo·

706 3897 778 3950 patus
790 3886 850 3933 vitia
863 3897 984 3934 exueret:
1004 3886 1043 3934 vel
1062 3888 1120 3949 quis
1138 3889 1219 3939 elaris·

707 3965 769 4014 simo
783 3980 870 4028 genere
883 3976 953 4013 ortus
965 3965 1106 4014 adolescens
1121 3969 1155 4016 ob
1166 3987 1219 4035 pra·

707 4060 752 4091 vos
773 4060 853 4091 mores
869 4043 965 4092 nullum
986 4047 1118 4109 publlcum
1131 4065 1234 4092 mmm-
