2768 4574
194 327 221 423 t:
233 319 258 422 t.
272 337 318 431 3211
381 345 474 411 Lis.
502 344 641 412 xxvi.
671 344 1038 414 cananiam.
1166 341 1231 441 137

168 491 184 530 a
198 477 277 536 ctus
290 488 356 560 per
369 462 496 533 urbem
511 485 698 533 romanam
715 463 890 561 triumphi
905 465 1152 562 spectaculum
1167 481 1234 537 tra·

167 606 184 640 «
197 576 280 663 har,
302 589 343 645 ut
366 574 496 646 deinde
515 576 553 644 in
576 598 734 661 carcere,
756 589 818 645 aut
838 575 883 646 ad
900 576 1022 673 palum
1037 576 1231 674 deligatus,

168 716 185 750 «
198 687 352 756 lacerato
369 687 475 782 virgis
497 700 619 782 terga,
640 686 816 756 cervicem
835 687 952 756 securi
972 709 1131 756 romanos
1147 685 1233 757 sub·

168 825 185 859 «
197 797 316 890 jiciam
328 822 334 863 :
347 821 415 866 nec
425 795 520 865 dirui
529 793 749 892 incendique
758 797 911 893 patriam
917 796 1067 884 videb03
1077 822 1145 868 nec
1154 798 1233 894 rapi

167 935 183 970 «
197 906 242 976 ad
251 921 417 1003 stuprum
428 921 560 976 matres
569 929 761 1003 campanas
768 908 996 1004 virginesque
1009 923 1044 977 et
1054 909 1232 1003 ingenuos

167 1048 183 1081 a
197 1040 339 1114 pueros.
364 1015 513 1104 Albam,
536 1016 636 1086 unde
657 1016 725 1112 ipsi
745 1015 892 1087 oriundi
913 1030 1034 1104 erant,
1063 1042 1082 1087 a
1107 1016 1232 1088 funda

167 1157 183 1191 «
197 1129 328 1197 mentis
342 1141 575 1223 proruerunt,
584 1151 630 1197 ne
644 1127 764 1223 stirpis
772 1136 799 1212 9,
808 1152 856 1197 ne
865 1127 1038 1197 memoria
1051 1126 1231 1222 originum

165 1267 182 1302 a
198 1261 343 1307 suarum
363 1251 544 1307 exstaret:
569 1235 705 1307 nedum
727 1261 791 1308 eos
813 1241 945 1334 Capuae
968 1259 1137 1334 parsuros
1159 1258 1233 1305 cre-

165 1378 182 1412 «
196 1347 294 1434 dam,
307 1349 365 1417 cui
381 1345 602 1435 infestiores,
622 1371 732 1444 quam
748 1347 973 1444 Carthagini,
989 1360 1085 1416 sunt.
1105 1350 1232 1440 ltaque

164 1487 181 1521 a
194 1456 329 1553 quibus
345 1473 501 1527 vestrum
518 1457 689 1529 antefato
705 1458 849 1548 cedere,
870 1480 979 1554 quam
996 1457 1072 1527 haec
1088 1470 1232 1526 tottam

164 1567 323 1639 «acerba
345 1568 509 1656 videant,
532 1569 570 1638 in
597 1571 722 1640 'animo
750 1585 820 1657 est,
845 1571 887 1639 iis
913 1567 1010 1666 apud
1037 1591 1096 1639 me
1121 1566 1231 1637 bodie

164 1709 181 1743 «
195 1679 308 1776 epulae
326 1681 509 1749 instructae.
530 1692 735 1775 parataeque
755 1694 851 1750 sunt.
874 1680 1015 1748 Satiatis
1032 1680 1117 1747 vino
1138 1675 1232 1747 cibo·

162 1819 180 1853 «
194 1812 265 1884 que
282 1787 454 1884 poculum
472 1788 568 1858 idem
580 1801 625 1876 ¹⁰,
645 1788 745 1884 quod
766 1789 856 1858 mibi
874 1789 999 1858 datum
1018 1786 1144 1876 fuerit,
1162 1789 1231 1857 cir·
1320 1824 1323 1833 ·

161 1929 178 1964 a
193 1890 433 1969 cumferetur:
455 1922 495 1967 ea
512 1900 615 1994 potio
631 1923 762 1995 corpus
778 1897 823 1968 ab
843 1901 1019 1986 cruciatu,
1035 1900 1197 1968 animum
1210 1895 1250 1970 a'

161 2008 436 2092 «contumeliis,
453 2010 594 2096 ocu105,
612 2034 735 2096 aures,
754 2009 952 2080 avidendis
968 2008 1230 2106 audiendisque

162 2151 179 2185 a
193 2118 364 2190 omnibus
384 2118 522 2212 acerbis
544 2119 795 2216 indignisque,
821 2144 901 2216 quae
925 2133 1075 2190 manent
1095 2120 1229 2204 victos,

162 2229 403 2302 «vindicabit.
422 2233 538 2300 Parati
557 2244 683 2318 erunt,
704 2232 767 2326 qui
786 2255 918 2326 magno
936 2255 1025 2327 rogo
1045 2232 1083 2300 in
1102 2253 1231 2328 propa·

159 2373 176 2405 «
190 2341 268 2411 tulo
291 2338 461 2410 aedium¹¹
493 2365 646 2411 accenso
677 2364 830 2436 corpora
861 2342 1025 2411 exanima
1053 2342 1227 2434 injiciant.

159 2482 176 2516 a
189 2456 271 2522 Haec
287 2476 358 2522 una
372 2453 427 2521 via
445 2466 480 2522 et
499 2450 652 2523 honesta
671 2467 707 2522 et
724 2450 838 2524 libera
852 2452 897 2522 ad
913 2468 1066 2524 mortem
1082 2480 1089 2522 :
1107 2468 1142 2524 et
1161 2455 1229 2551 ipsi

159 2563 357 2633 «virtutem
377 2562 610 2634 mirabuntur
632 2563 773 2650 hostes,
793 2577 829 2633 et
844 2563 1024 2634 Hannibal
1043 2563 1155 2635 fortes
1173 2588 1229 2636 so·

160 2702 177 2735 (ι
191 2674 265 2743 cios
284 2675 370 2744 sciet
390 2672 435 2743 ab
454 2700 491 2744 se
508 2674 670 2744 desertos
689 2698 729 2744 ac
745 2673 909 2771 proditos
926 2699 1002 2745 esse
1014 2684 1055 2744 ¹².
1068 2707 1084 2739 s

207 2787 302 2851 XIV.
321 2788 421 2853 Hanc
438 2787 638 2854 orationem
658 2784 763 2853 Virrii
784 2783 907 2880 plures
929 2783 1124 2853 audierunt
1145 2808 1228 2853 cum

161 2916 328 2980 assensu,
354 2913 462 2989 quam
481 2893 566 2963 forti
587 2896 707 2964 animo
726 2892 782 2981 id,
798 2891 900 2989 quod
918 2891 1144 2990 probabant,
1164 2917 1227 2962 ex..

160 3002 263 3097 sequi
291 3015 500 3098 potuerunt.
522 3003 640 3097 Major
668 3027 751 3100 pars
781 3018 945 3090 senatus,
980 3002 1104 3072 multis
1136 3026 1228 3098 saepe

158 3110 263 3181 bellis
286 3126 469 3208 expertam
486 3113 613 3209 popuii
633 3115 773 3182 romani
795 3111 1023 3182 clementiam
1044 3110 1143 3182 haud
1161 3110 1228 3182 dif-

158 3218 312 3291 fidentes
335 3219 403 3292 sibi
421 3246 570 3321 quoque
592 3221 803 3319 placabilem
825 3221 922 3308 fore,
940 3223 1077 3320 legatos
1098 3221 1143 3291 ad
1163 3221 1230 3292 de·-

139 3329 315 3413 vdendam
332 3334 504 3403 Romanis
523 3335 684 3430 Capuam
703 3332 942 3407 decreverunt
962 3335 1226 3428 miseruntque.

158 3439 306 3511 Vibium
321 3445 480 3513 Virrium
494 3459 632 3540 septem
648 3459 683 3514 et
699 3445 825 3541 viginti
839 3443 954 3514 ferme
967 3459 1154 3514 senatores
1169 3443 1228 3514 do·

158 3573 257 3619 muni
280 3556 426 3649 sequuti
443 3570 530 3625 sunt
547 3554 758 3652 epulatique
782 3578 865 3626 cum
889 3581 954 3644 e0;
975 3561 1030 3643 et,
1050 3566 1228 3651 quantum

194 3790 217 3833 9.
232 3773 271 3817 Ne
283 3774 375 3836 stirpis,
389 3789 449 3835 sto,
465 3779 528 3826 sone
541 3794 554 3825 e
568 3779 668 3842 quibus·
752 3777 833 3825 11.1n
842 3778 978 3841 propatulo
996 3775 1101 3833 adium
1120 3777 1176 3824 vido
1194 3777 1227 3825 ad

157 3851 212 3898 dam
225 3850 295 3898 libris
313 3864 372 3901 vett.
385 3855 431 3918 leg.
446 3856 529 3920 stirps,
549 3869 591 3905 aut
604 3858 667 3906 antt-
713 3859 745 3914 V,
761 3856 806 3913 13,
824 3873 850 3902 n.
863 3855 887 3902 6.
900 3881 936 3891 --
952 3856 992 3903 Sic
1010 3867 1048 3903 est
1064 3855 1089 3902 iu
1101 3856 1226 3904 vestibulis

157 3947 204 3993 que
216 3931 334 3994 scriptum
347 3933 393 3980 tuit
402 3934 486 3998 stt'rpet
493 3955 503 3991 ,·
516 3937 587 3984 Crev.
712 3937 746 3984 a'd
760 3936 858 3995 xxw,
869 3950 915 3994 21,-
925 3953 951 3983 n.
962 3944 986 3992 4.
996 3938 1041 3985 En.

196 4027 234 4058 ιο.
254 4011 371 4058 Pacuium
387 4010 450 4060 idem
459 4015 560 4073 mortis,
572 4017 666 4064 veneni.
750 4030 791 4062 ra.
806 4018 917 4062 Desertor
927 4030 958 4062 ac
966 4015 1079 4079 proditos
1092 4032 1159 4072 esse‚·
1170 4015 1228 4062 vide

157 4089 248 4137 Confer
262 4107 315 4154 cap.
333 4100 373 4148 14.
714 4093 744 4140 ad
756 4095 795 4153 ΙΙ,
809 4095 856 4154 43,
868 4110 894 4142 n.
907 4094 931 4141 5.
