2768 4574
210 358 276 453 ηε
627 357 665 421 r.
700 354 840 425 mma
1040 359 1045 365 ·
1120 333 1250 442 stitit:

205 484 426 576 «Syracusas
450 474 619 572 spoliatas
641 477 671 544 si
693 489 888 571 negaturus
914 499 1052 565 essem,
1082 500 1279 572 nunquam

207 620 224 655 «
239 588 361 685 spoliis
373 609 496 657 earum
509 583 637 655 urbem
647 588 799 656 Romam
814 610 1038 656 exornarem.
1049 589 1138 677 Quae
1151 601 1280 657 autem

207 698 387 797 «singulis
402 698 518 768 victor
532 710 594 765 aut
612 695 745 785 ademi,
764 710 825 765 aut
837 694 936 785 dedi,
952 721 1067 792 quum
1080 695 1168 768 belli
1176 697 1280 791 jure,

209 841 225 876 ιι
238 825 317 881 tum
332 834 376 879 ex
391 810 569 903 cujusque
582 807 730 895 merit0,
745 807 828 876 satis
843 806 916 876 scio
930 804 1282 877 metuissemus

208 952 225 991 u
239 935 315 991 rata
328 917 507 1003 habeatis,
519 921 639 987 Patres
651 916 862 1012 conscripti,
879 940 933 985 nae
944 917 1056 1013 magis
1068 913 1282 1012 reipublicae

209 1063 225 1098 ι(
238 1033 405 1117 interest,
420 1051 530 1124 quam
544 1050 635 1096 ntea.
646 1030 727 1096 Mea
742 1026 878 1122 quippe
893 1023 984 1096 fides
998 1024 1161 1095 exsoluta
1177 1019 1280 1094 est⁶z

209 1173 226 1206 a
241 1140 287 1211 ad
302 1135 564 1235 rempublicam
584 1136 756 1232 pertinet,
774 1159 821 1204 ne
844 1149 923 1205 acta
939 1158 1019 1206 mea
1036 1133 1284 1205 rescindendo

209 1282 226 1317 «
240 1251 329 1322 alios
346 1251 384 1318 in
403 1262 591 1346 posterum
616 1247 800 1344 segniores
823 1243 933 1316 duces
951 1244 1096 1316 faciatis.
1118 1248 1163 1314 Et
1181 1269 1284 1341 quo-

208 1392 226 1427 ι(
240 1363 337 1433 niam
351 1383 473 1431 coram
487 1372 524 1429 et
543 1357 744 1428 Siculorum
762 1371 798 1426 et
815 1381 895 1428 mea
909 1355 1021 1428 verba
1034 1356 1202 1444 audistis,
1220 1359 1285 1426 Pa-

209 1503 227 1537 «
241 1488 313 1543 tres
337 1470 550 1567 conscripti,
570 1468 677 1540 simul
697 1467 835 1565 templo
860 1466 1075 1539 excedemus
1086 1477 1113 1555 ⁷,
1132 1481 1195 1554 ut,
1220 1490 1284 1537 me

212 1614 228 1647 «
243 1583 409 1669 ahsente,
422 1578 572 1652 liberius
584 1579 726 1650 consuli
743 1593 889 1683 senatus
900 1581 1024 1676 possit.
1036 1610 1052 1645 s
1062 1583 1116 1648 Ita
1125 1576 1286 1649 dimissis

209 1692 355 1774 Siculis,
374 1706 410 1761 et
425 1692 554 1790 ipsein
569 1690 788 1786 Capitolium
803 1689 849 1760 ad
860 1690 1042 1761 delectum
1056 1689 1232 1760 discessit.

261 1806 405 1872 XXXII.
424 1801 559 1872 Consul
575 1800 665 1870 alter
679 1800 724 1871 de
740 1802 928 1898 postulatis
944 1801 1148 1872 Siculorum
1160 1798 1208 1871 ad
1225 1804 1287 1872 Pa·

214 1924 286 1982 tres
299 1909 432 1982 retulit.
443 1909 499 1981 Ibi
509 1935 622 2006 quum
633 1910 696 1980 diu
706 1909 751 1982 de
767 1913 955 1983 sententiis
965 1920 1160 1983 certatum¹
1171 1924 1286 2000 esset,

211 2036 249 2092 et
264 2045 394 2118 magna
408 2045 490 2117 pars
500 2035 656 2106 senatuS,
670 2022 833 2118 principe
843 2022 921 2117 ejus
935 2021 1120 2093 sententiaa
1129 2024 1169 2090 Τ.
1180 2023 1288 2091 Man-

214 2132 264 2202 lio
281 2137 486 2227 Torquato,
506 2157 588 2201 cum
608 2138 768 2224 prateriis
787 2132 920 2203 bellum
929 2133 1128 2228 gerendum
1137 2131 1286 2222 fuisse,

212 2258 425 2330 censerent,
449 2243 610 2313 hostibus
633 2259 670 2312 et
686 2246 995 2336 Syracusanorum
1014 2261 1051 2314 et
1064 2240 1203 2340 populi
1216 2265 1289 2322 ¹ra-

216 2358 320 2422 mani
329 2381 341 2439 ,·
359 2369 396 2421 et
409 2351 535 2422 urbem
551 2358 677 2449 recipi,
694 2379 768 2423 non
785 2361 888 2452 capi,·
901 2372 937 2425 et
948 2370 1127 2452 receptam
1145 2351 1290 2447 legibus

218 2468 376 2559 antiquis
395 2478 431 2532 et
450 2462 613 2532 libertate
632 2463 802 2552 stabiliri,
826 2490 899 2536 non
912 2467 1056 2557 fessam
1075 2461 1291 2534 miseranda

218 2579 382 2643 servitute
392 2572 619 2669 belloaffligi.
629 2581 730 2645 Inter
739 2591 975 2668 premiorum
985 2592 1021 2647 et
1029 2576 1129 2646 ducis
1142 2578 1295 2667 romani

218 2689 416 2754 certamina
425 2689 621 2780 praemium
637 2690 783 2755 victoris
801 2692 839 2755 in
854 2688 973 2757 medio
978 2692 1141 2783 positam
1159 2684 1293 2754 urbani

209 2793 498 2892 pulcherrimam
516 2819 560 2863 ac
581 2792 843 2866 nobilissimam
852 2800 1022 2893 periisse,
1041 2797 1214 2867 borreum
1231 2810 1292 2865 at·-

218 2929 290 3002 que
302 2909 478 2974 aerarium
494 2903 680 2999 quondam
691 2904 826 3000 populi
841 2912 1001 2992 romani,
1019 2908 1120 3001 cujus
1138 2905 1292 3000 munifi·

218 3020 335 3085 centia
349 3039 393 3083 ac
407 3013 512 3082 donis
524 3012 644 3083 multis
658 3015 942 3111 tempestatibus,
958 3015 1028 3085 boc
1040 3015 1198 3110 denique
1209 3019 1294 3112 ipso

211 3128 351 3221 punica
368 3121 477 3207 bella,
496 3122 623 3216 adjuta
638 3140 839 3221 ornataque
854 3123 1056 3223 respublica
1072 3139 1170 3195 esset.
1186 3127 1230 3195 Si
1240 3125 1294 3199 ab

220 3233 343 3322 inferis
363 3236 515 3300 exsistat
533 3255 600 3300 rea
617 3237 729 3303 Hiera
738 3289 749 3321 ,
761 3235 968 3330 fidissimus
986 3240 1130 3332 imperii
1144 3242 1297 3307 romani

256 3459 281 3505 6.
295 3459 335 3503 Εα
349 3473 395 3503 aas
407 3466 436 3503 nt
449 3466 507 3502 rata
521 3453 732 3504 babeatis...mea
776 3457 865 3521 recipi,
878 3459 948 3523 capi,
970 3469 1019 3506 etc.
1034 3473 1103 3523 pro:
1123 3456 1297 3521 rem‘pt'cndattt'

213 3536 281 3605 fides
299 3537 413 3584 exsoluta
431 3546 466 3581 est
472 3553 482 3591 ,·
498 3534 555 3582 vide
574 3534 605 3581 ad
619 3537 668 3591 III,
689 3551 733 3597 19,
768 3536 861 3599 juisse,
876 3537 1031 3600 capiendam,
1043 3537 1196 3596 etcmivius,
1206 3538 1297 3587 verbo·

221 3633 247 3663 n.
260 3631 282 3664 1.
297 3642 333 3651 -
349 3614 394 3661 Ad
405 3613 576 3676 rempublicam
585 3615 685 3677 ejusque
695 3631 733 3660 sa-
776 3631 830 3662 rum
846 3616 951 3680 praeced.
965 3617 1105 3674 immemor,
1122 3631 1191 3663 nunc
1205 3616 1299 3667 scribit

221 3693 297 3742 lutem
315 3693 434 3758 pertinet,
453 3694 531 3749 valet,
552 3709 664 3757 magnam
683 3694 732 3740 vim
777 3693 868 3758 recipi,
883 3694 952 3758 capi,
968 3707 1014 3742 etc.
1028 3696 1099 3759 quasi
1112 3705 1170 3743 ante
1180 3710 1231 3760 pro
1244 3696 1300 3744 bet-

222 3774 309 3831 habet,
325 3783 352 3819 ut
364 3773 495 3829 XXXIX,
509 3774 552 3820 28.
778 3773 825 3819 lum
837 3773 1055 3838 gerendumfnisse
1065 3774 1192 3838 scripserit
1205 3775 1301 3823 bellurn

256 3867 280 3911 7.
294 3853 390 3915 Templo
400 3849 578 3898 exactrice.
592 3851 638 3908 30,
648 3867 673 3898 n.
685 3858 709 3905 4.
775 3852 830 3916 geri
846 3852 955 3899 debuisse
971 3854 1012 3900 vel
1026 3853 1178 3917 oportuisse3
1193 3854 1301 3903 enveri
1316 3870 1319 3875 ·

260 3932 321 3980 Car.
328 3932 439 3978 XXXII.
450 3945 472 3978 1.
481 3931 519 3977 De
527 3929 650 3976 sententiis
657 3941 735 3976 certa·
778 3932 814 3977 Ita
829 3942 854 3978 et
868 3932 982 3990 XXVII,
996 3949 1043 3990 co,
1059 3949 1086 3981 n.
1098 3933 1127 3989 3,
1142 3930 1176 3979 ad
1189 3932 1302 3983 infiniti·-

224 4020 288 4066 eum,
308 4010 375 4073 quod
392 4010 480 4058 attinet
495 4008 643 4070 sententiam
660 4011 734 4058 Doer.
779 4025 824 4057 vos
834 4010 935 4073 repleri,
950 4011 1076 4076 trajicere,
1087 4026 1231 4070 conserere,
1249 4022 1302 4063 etc.

223 4085 735 4147 deedelendanronMoxInfinitivi
779 4088 965 4152 intelligendum
988 4102 1024 4139 est
1048 4090 1134 4139 debere
1158 4106 1195 4139 ex
1221 4108 1302 4159 prae.
