2768 4574
160 287 285 398 32:323:
361 312 512 379 cmm
541 312 704 379 xxvu.
732 312 837 380 car.
865 315 973 381 xvi.
1134 310 1205 410 259

134 435 221 520 mis,
240 455 316 501 nou
329 446 407 502 arte
423 429 526 519 belli,
546 456 624 502 non
642 433 767 530 vigore
786 448 848 504 aut
864 433 1004 506 viribus
1023 439 1205 533 corporis,
1282 432 1283 436 ’

136 568 204 641 par
219 549 383 614 Romano
397 543 611 613 Tarentinus
626 559 713 614 erat.
726 545 858 641 Igitur,
873 544 955 642 pilis
966 560 1109 616 tantum
1124 573 1208 620 con·

129 655 257 749 jectis,
275 655 376 752 prius
397 678 519 751 paene,
538 679 647 756 quam
674 670 908 727 consererent
931 680 1082 745 manus,
1104 672 1207 756 terga

34 779 40 784 ’
135 766 334 855 dederunt,
355 765 559 864 dilapsique
582 781 755 863 pernota
780 765 883 837 urbis
905 767 1037 837 itinera
1058 768 1098 836 in
1123 793 1206 839 suas
1293 828 1296 834 .

132 879 410 973 amicorumque
428 877 557 948 domos
574 902 582 944 ε
598 875 675 947 duo
689 902 733 948 ex
747 875 904 948 ducibus
918 879 1009 950 Nico
1022 893 1060 948 et
1076 883 1207 949 Demo·

135 1003 250 1059 crates
278 987 421 1059 fortiter
442 1001 648 1085 pugnantes
669 988 845 1061 cecidere.
870 988 1121 1076 Philemenus,
1141 990 1207 1085 qui

134 1093 353 1195 proditionis
366 1098 410 1168 ad
421 1096 662 1169 Hannibalem
677 1112 804 1170 auctor
818 1096 954 1186 fuerat,
969 1122 1085 1195 quum
1098 1100 1206 1169 citato

131 1233 233 1304 equo
247 1233 292 1278 ex
303 1208 426 1304 praelio
439 1222 585 1279 avectus
598 1223 712 1296 esset,
731 1234 842 1306 vagus
859 1209 969 1308 paulo
987 1222 1072 1307 post
1089 1234 1207 1306 equus

133 1328 283 1388 errans1
312 1343 379 1416 per
402 1317 533 1389 urbem
559 1319 746 1417 cognitus;
776 1344 911 1416 corpus
938 1342 1120 1417 nusquam
1147 1319 1206 1389 in*

135 1444 284 1499 ventum
303 1444 380 1500 est:
401 1429 580 1501 creditum
596 1429 707 1527 vulgo
724 1443 798 1519 est,
815 1430 855 1498 in
869 1444 1023 1526 puteum
1038 1441 1206 1525 apertum

137 1565 181 1611 ex
199 1563 295 1636 equo
307 1540 559 1637 praecipitasse.
573 1539 830 1611 Carthalonem
840 1553 982 1626 autem,
993 1535 1205 1636 praefectum

134 1649 292 1750 praesidii
304 1651 449 1748 punici,
468 1674 550 1720 cum
568 1651 915 1721 commemoratione
928 1650 1073 1748 paterni
1088 1647 1209 1746 hospi-

136 1763 188 1848 tii,
202 1763 327 1860 positis
337 1763 455 1849 armis,
467 1763 676 1832 venientem
690 1759 735 1830 ad
746 1759 947 1847 consulem,
963 1759 1066 1831 miles
1077 1757 1208 1830 obvius

134 1872 343 1943 obtruncat.
363 1872 434 1943 Alii
450 1872 540 1943 alios
558 1873 689 1969 passim
708 1872 786 1942 sine
806 1869 1013 1942 discrimine
1033 1885 1208 1960 armatOS,

134 1987 312 2074 inermes,
336 1983 498 2073 caedunt,
523 1984 837 2081 Carthaginienses
847 1983 1138 2080 Tarentinosque·
1149 2006 1208 2079 pa-

134 2097 233 2167 riter.
248 2095 377 2165 Bruttii
388 2119 537 2192 quoque
547 2094 654 2165 multi
667 2092 866 2183 interfecti,
879 2119 944 2165 seu
953 2117 1021 2191 per
1031 2118 1206 2183 errorem,
1227 2098 1233 2113 ‘

133 2232 199 2278 seu
211 2221 334 2279 vetere
348 2208 387 2276 in
402 2230 464 2277 eos
470 2220 581 2276 insito
589 2204 689 2294 odio,
701 2231 766 2276 seu
783 2204 829 2276 ad
840 2204 1058 2302 proditionis
1072 2201 1206 2275 famam

131 2318 237 2414 (ut
205 2343 240 2388 vr
250 2319 372 2417 potius
386 2331 497 2414 atque
511 2318 618 2388 armis
628 2331 774 2415 captum
784 2321 981 2387 Tarentum
997 2314 1203 2422 videretur)

131 2429 460 2528 exstinguendam.
479 2443 557 2501 tum
575 2428 623 2500 ab
639 2427 736 2500 caede
752 2427 800 2497 ad
817 2406 1057 2550 diripiendam
1073 2425 1204 2497 urbem

134 2538 347 2610 discursum.
366 2539 479 2609 Millia
494 2540 642 2636 triginta
657 2538 842 2610 servilium
858 2538 1017 2634 capitum
1032 2535 1207 2607 dicuntur

78 2672 84 2690 *
133 2648 271 2742 capti²;
290 2649 429 2744 argenti
447 2649 499 2717 vis
515 2649 642 2746 ingens
658 2647 743 2719 facti
762 2647 984 2742 signatique,
1004 2647 1083 2715 auri
1102 2661 1204 2718 octo·

133 2757 234 2852 ginta
258 2756 327 2824 tria
345 2755 456 2826 millia
478 2757 628 2854 pondo;
653 2761 754 2855 signa
776 2755 1002 2851 tabulaeque,
1024 2776 1141 2853 prope
1162 2772 1204 2829 ut

136 2932 143 2944 ⁹
175 2957 237 3005 Car.
258 2955 329 3002 XVI.
351 2969 373 3001 1.
394 2957 478 3019 Vagus
491 2941 647 3019 paulopost
687 2972 744 3020 qum
756 2967 865 3004 moretur
878 2953 1101 3003 difficultustmiles
1112 2956 1202 3004 obvius
1235 2997 1237 3007 .

131 3050 316 3101 equtuerrans,
327 3044 387 3090 etc,
397 3032 646 3097 aberransquerssd
688 3034 819 3084 obtruncat
840 3035 1026 3095 Carthalonem
1049 3034 1097 3082 alii
1114 3037 1204 3085 milites

131 3117 246 3179 frequem
256 3125 293 3161 est
305 3112 444 3178 asyndeton
455 3123 480 3160 et
491 3127 591 3160 omtssro
604 3129 645 3161 eo-
688 3113 768 3161 alios
775 3114 884 3162 hostium
909 3114 961 3162 sine
991 3113 1131 3162 discrimine
1154 3132 1203 3164 cae-

133 3195 210 3259 pules,
223 3193 274 3242 vid
285 3191 598 3256 Grou-Proecipitasse,
610 3208 644 3240 sc
689 3193 759 3242 dunt.
774 3194 820 3240 Eo.

134 3291 160 3321 se
167 3274 255 3338 ‚quod
265 3272 364 3338 qmdam
373 3271 491 3334 adpetere
505 3272 548 3320 sed
561 3272 646 3320 Livius
725 3288 749 3318 ι,
761 3271 844 3319 Miltia
854 3270 986 3336 erigimus.
997 3271 1105 3334 capitum
1118 3271 1204 3320 dr'cun-

133 3355 247 3401 omittere
261 3353 338 3413 solet,
358 3370 383 3400 v.
396 3369 417 3399 e
430 3355 470 3410 ΙΙ,
491 3353 537 3411 5ι;
550 3355 583 3410 V,
599 3354 644 3412 183
689 3362 730 3397 tur
740 3361 806 3414 eapti
820 3365 867 3414 pro
882 3361 972 3414 capta,
987 3350 1116 3398 collective
1127 3363 1152 3399 et
1164 3368 1203 3400 re·

134 3432 186 3489 VI,
201 3433 245 3490 3⁰3
257 3434 343 3490 XXV,
358 3447 399 3488 11,
415 3447 457 3491 ιι,
472 3439 513 3486 to.
527 3431 601 3480 Conf.
614 3430 646 3478 ad
687 3440 776 3493 spectu
791 3445 878 3475 sensus
891 3439 933 3476 aut
949 3429 1045 3492 generis
1056 3428 1202 3489 nobilioris,

133 3512 174 3567 II,
192 3510 220 3568 3,
234 3527 260 3557 u.
273 3526 300 3557 a.
315 3537 351 3546 -
369 3510 423 3561 Atii
435 3509 499 3558 alios
506 3509 640 3573 passim...
688 3519 717 3556 ut
728 3509 765 3567 X,
777 3508 824 3566 463
835 3508 960 3564 XXXIV,
972 3507 1005 3554 56
1013 3523 1052 3571 pr.
1060 3508 1202 3567 XXXVII,

132 3587 238 3636 saedunt.
248 3588 345 3636 Clarias.
357 3589 486 3637 Creverius
498 3605 584 3638 vocem
601 3587 648 3636 atti
690 3588 738 3650 39,
754 3594 800 3646 4⁰3
817 3586 877 3644 xL,
894 3593 940 3644 Ιι;
952 3587 1043 3645 XLIV,
1058 3593 1101 3640 ta.
1120 3587 1161 3635 Sic
1178 3599 1204 3636 et

134 3666 262 3715 delendam
274 3668 410 3727 existimat,
429 3680 519 3734 utpote
537 3669 645 3717 additam
668 3707 670 3712 .
690 3665 787 3714 servitia
800 3664 895 3711 armati
904 3666 950 3722 IV,
967 3664 1014 3722 45,
1030 3681 1055 3712 n.
1069 3681 1091 3712 1.
1114 3665 1204 3730 Capita
1263 3685 1265 3690 ⁸

132 3747 163 3794 ah
179 3746 262 3809 aliquo
277 3763 309 3794 ne
327 3748 428 3795 verbum
442 3747 541 3795 eoedunt
555 3759 647 3796 caneret
690 3742 868 3810 conjurationis
876 3742 979 3801 ccesiX,
991 3759 1014 3801 ι,
1024 3759 1049 3790 ιι.
1059 3745 1081 3791 3.
1092 3745 1205 3807 Quattuor

133 3843 179 3874 suo
188 3825 299 3884 nomiae,
309 3842 385 3888 quum
395 3837 475 3874 tamen
487 3827 580 3891 optime
588 3843 646 3892 sup·
691 3824 770 3872 millia
781 3821 873 3870 scutati
884 3823 1013 3880 XXVIII,
1032 3838 1046 3868 2
1059 3859 1066 3882 ,
1081 3838 1106 3871 n.
1121 3840 1146 3872 a.
1164 3825 1205 3875 Cf.
1278 3859 1279 3862 η

134 3907 196 3970 pleri
208 3915 291 3970 posset
308 3921 340 3951 ex
352 3921 424 3952 sensu
440 3905 538 3952 romani
551 3906 645 3954 milites.
690 3904 723 3952 nd
738 3905 764 3962 1,
779 3911 827 3960 41,
844 3918 871 3949 ιι.
887 3917 910 3948 ι.
928 3927 964 3937 -
984 3900 1043 3948 Tria
1060 3901 1153 3960 millia,
1170 3903 1205 3952 al.

135 3986 183 4032 Sed
198 4001 286 4033 vocem
302 3984 348 4032 alii
365 3994 465 4031 tuentur
478 3981 562 4032 omnes
576 3985 647 4045 libri,
691 3995 782 4048 septem
794 3980 978 4045 mill—Signa
990 3991 1007 4028 t.
1020 3991 1068 4029 etc.
1078 3981 1110 4028 cf.
1120 3984 1204 4047 Hsyn.

135 4082 198 4129 quos
208 4064 322 4115 adhibuit
330 4064 361 4112 cl.
371 4062 500 4113 Drak.nsc
509 4055 562 4129 ipse
570 4064 648 4124 videt,
690 4065 785 4129 Opust.
798 4060 877 4113 acad.
889 4071 949 4109 tom.
963 4061 1004 4118 11,
1013 4065 1039 4124 p.
1053 4074 1105 4122 229
1119 4077 1156 4126 sq.

918 4227 925 4251 x
968 4170 1027 4240 17.
