2768 4574
169 309 239 382 e266
594 315 634 379 r.
668 315 810 385 mvn
1083 293 1217 402 ‘atta

169 436 346 532 locusque
363 435 408 506 ad
424 435 651 506 evadendum
671 450 707 508 et
725 435 854 508 mediis
869 434 981 509 ,datus
1000 450 1071 526 est3
1088 438 1154 533 qui
1173 463 1247 536 per

168 558 244 615 tarn
254 546 424 642 iniquum
437 545 575 634 locum,
590 546 771 618 stantibus
782 547 932 643 integris
948 544 1154 636 ordinibus,
1169 549 1247 621 ele·

168 655 387 754 phantisque
413 671 496 728 ante
528 658 629 755 signa
653 657 799 744 locatis,
820 680 1009 754 nunquam
1031 659 1246 730 evasissent.

168 769 292 858 Quum
314 765 359 837 ab
381 769 482 842 omni
501 783 603 866 parte
622 768 736 841 caedes
758 769 880 858 fieret,
899 769 1033 867 Scipi0‚
1057 768 1123 866 qui
1149 767 1247 841 laevo

168 902 286 949 cornu
301 879 340 948 in
355 878 525 952 dextrum
539 879 811 969 incucurrerat,
829 879 985 949 maxime
1005 879 1043 949 in
1056 877 1158 951 nuda
1172 877 1249 949 ho-

168 991 279 1060 stium
298 989 409 1062 latera
428 988 625 1090 pugnabat.
644 994 689 1061 Et
707 990 782 1086 jarn
799 1015 847 1062 ne
867 988 960 1086 fugae
980 986 1131 1086 quidem
1145 1002 1250 1086 pate·

167 1098 231 1171 bat
253 1100 355 1172 locus
376 1128 383 1169 :
407 1126 492 1172 nam
515 1114 551 1171 et
574 1102 747 1173 stationes
767 1100 953 1196 utrimque
973 1123 1134 1171 romanae
1154 1097 1250 1170 dex-

168 1225 225 1282 tra
254 1211 414 1310 laevaque
440 1209 658 1284 insederant
677 1213 770 1300 vias,
801 1227 837 1284 et
866 1224 1009 1308 portam
1040 1223 1251 1282 castrorum

54 1345 62 1364 ⁴
167 1321 269 1393 ducis
295 1324 576 1420 principumque
605 1321 690 1420 fuga
713 1323 912 1410 clauserat3
937 1319 1057 1394 addita
1074 1319 1252 1417 trepida·

142 1422 145 1444 '
167 1433 267 1504 tione
282 1432 583 1530 elephantorum,
601 1458 694 1531 quos
709 1435 857 1505 territos
874 1457 977 1530 aeque
995 1446 1106 1529 atque
1118 1430 1253 1504 hostes

166 1541 364 1614 timebant:
381 1568 469 1615 caesa
482 1545 592 1641 igitur
605 1544 651 1615 ad
666 1557 751 1615 octo
766 1543 877 1614 millia
891 1543 1094 1613 hominum.

216 1659 312 1726 XIX.
334 1653 558 1742 Hasdrubal,
573 1656 648 1750 jam
674 1669 892 1751 antequam
917 1652 1105 1724 dimicaret
1130 1674 1254 1748 pecu-

171 1765 233 1834 nia
249 1779 371 1861 rapta,
392 1765 668 1862 elephantisque
688 1764 915 1862 praemissis¹,
937 1762 1255 1861 quamplurimos

172 1889 316 1972 poterat
340 1873 385 1945 de
411 1873 496 1972 fuga
522 1876 721 1972 excipiens,
736 1888 867 1972 praeter
884 1878 1022 1970 Tagum
1041 1871 1180 1943 flumen
1202 1870 1255 1942 ad

173 1988 387 2080 Pyrenaeum
413 1984 541 2056 tendit.
569 1987 714 2083 Scipio,
740 1986 865 2057 castris
896 1985 1055 2055 hostium
1087 1982 1255 2080 potitus,

173 2117 288 2190 quum
308 2107 438 2190 praeter
462 2094 577 2166 libera
598 2099 715 2194 capita
730 2121 879 2168 omnem
897 2093 1055 2193 praedam
1071 2091 1258 2165 militibus

174 2204 428 2292 concessisset,
446 2206 484 2276 in
504 2194 734 2280 recensendis
752 2208 901 2307 captivis
915 2206 1041 2279 decem
1050 2203 1170 2277 millia
1183 2228 1256 2302 pe·

64 2383 72 2390 .
174 2311 311 2402 ditum,
331 2313 405 2385 duo
428 2316 541 2387 millia
566 2321 733 2414 equitum
755 2319 907 2391 invenit.
929 2323 983 2389 Ex
1005 2317 1049 2388 iis
1065 2316 1257 2412 Hispanos

175 2424 379 2521 sinepretio
393 2450 521 2498 omnes
532 2426 684 2500 domum
692 2430 845 2501 dimisit:
859 2425 1137 2500 Afrosvendere
1153 2451 1257 2522 quae

175 2553 311 2610 storem
323 2541 439 2636 jussit.
450 2541 676 2615 Circumfusa
684 2543 770 2615 inde
779 2543 979 2614 multitudo
987 2542 1258 2638 Hispanorum,

175 2665 212 2723 et
235 2666 320 2722 ante
339 2651 568 2741 deditorum,
589 2667 625 2724 et
646 2653 764 2751 pridie
788 2668 998 2750 captorum,
1018 2674 1143 2721 ursuni
1163 2674 1258 2720 eum

173 2761 315 2859 ingenti
333 2788 513 2835 consensu
532 2763 735 2861 appellavit.
752 2768 846 2834 Turn
867 2761 1005 2860 Scipio,
1022 2759 1167 2830 silentio
1184 2782 1260 2856 per

173 2895 382 2969 praeconem
404 2871 521 2962 facto,
539 2873 611 2944 sibi
630 2879 837 2945 maximum
860 2897 993 2944 nomen
1023 2877 1262 2968 imperatores

174 3109 279 3168 xm,
289 3124 337 3167 21,
350 3118 374 3154 et
386 3117 465 3154 contr.
479 3105 591 3153 densata.
603 3108 637 3154 At
641 3123 688 3169 pa·
768 3107 829 3156 Car.
844 3106 918 3152 xlx.
931 3118 953 3150 1.
967 3100 1112 3150 Hasdrubal
1119 3099 1179 3166 jam
1193 3113 1263 3150 ante

175 3186 280 3252 sefacere
301 3187 398 3234 ordines
416 3198 441 3234 et
460 3184 539 3234 aciem
557 3187 688 3244 XXVIII,
733 3203 817 3251 quam.
836 3184 965 3233 Creverius
984 3180 1101 3244 iutelligit
1120 3180 1263 3243 pecuniam

178 3259 226 3321 ri,
247 3275 272 3312 et
286 3281 318 3310 aa
338 3275 399 3312 extr.
417 3280 464 3328 pro
483 3264 597 3313 dirimere
614 3265 690 3313 inter·
733 3265 764 3314 ab
773 3263 927 3314 Hasdrubale
937 3272 1031 3326 raptam
1042 3269 1175 3322 antequam
1183 3258 1265 3308 dimi·

175 3343 254 3391 vallis.
264 3345 398 3392 -Laxata
417 3357 453 3393 est
465 3345 544 3409 prima
557 3345 620 3393 acies
635 3349 690 3394 Poe·
735 3356 809 3403 caret,
818 3343 1028 3407 elephantosvero
1034 3337 1176 3402 praemissos
1182 3350 1263 3401 post-

175 3438 281 3479 norum,
296 3422 413 3486 locusque
434 3423 466 3471 ad
487 3423 643 3472 subeundum
664 3423 691 3470 in
735 3415 1264 3488 quamffigaeiuitiumfierIvidit.Nonenim

175 3502 286 3550 altiorem
300 3503 421 3550 tumulum
433 3503 520 3551 mediae
532 3520 629 3568 quoque
639 3506 690 3551 no·
735 3505 878 3568 elephantos
897 3499 991 3547 dimisit
1009 3509 1065 3546 ante
1082 3511 1211 3560 pugnam,
1232 3510 1266 3548 ut

176 3598 304 3630 manorum
321 3583 382 3631 aciei
400 3583 470 3631 datus
485 3595 539 3632 est:
554 3600 608 3647 quae
627 3600 690 3630 nun-
734 3595 803 3649 patet
814 3582 886 3630 exiis
897 3597 952 3645 quae
962 3576 1141 3627 modoaLivio
1154 3590 1265 3629 narrata

177 3679 250 3728 quam
269 3662 399 3722 subiisset,
421 3664 442 3710 si
460 3663 584 3711 stetissent
601 3663 690 3726 integri
734 3674 800 3712 sunt.
819 3663 866 3709 En.
883 3687 920 3697 -
937 3658 1022 3708 Pridie
1035 3668 1175 3722 captorum.
1188 3657 1268 3725 Engo

175 3741 285 3790 hosfium
306 3743 416 3800 ordines,
437 3743 609 3807 elephantiqne
635 3752 691 3788 ante
735 3742 863 3790 diesunus
876 3735 1270 3800 intercesserat,qu0dtestatur

107 3823 109 3831 '
178 3821 247 3885 signa
262 3822 338 3871 locati
357 3815 510 3870 mansissent.
530 3823 593 3868 Mox
613 3821 691 3868 credes
735 3821 824 3886 Polyb.
838 3817 1268 3884 En.-Ilegemeum...appella.

84 3948 85 3955 ,
174 3900 259 3968 fieret,
271 3901 340 3966 quod
349 3896 449 3965 plurimi
459 3912 631 3949 tuenturtnee
641 3911 692 3947 erat
736 3899 781 3956 rit,
796 3911 842 3947 etc.
858 3899 925 3947 conf.
938 3898 970 3945 ad
982 3897 1071 3961 Polyb.
1084 3898 1123 3954 X,
1137 3897 1192 3956 38,
1210 3906 1272 3961 40,

179 3998 249 4029 causa
274 3999 317 4029 cur
339 3993 440 4029 receutt.
462 3980 598 4028 editoribus
616 3980 692 4043 magis
737 3980 779 4043 qni
793 3980 865 4027 etiarn
878 3977 966 4036 tradit,
982 3976 1047 4023 idern
1061 3975 1113 4036 jam
1130 3987 1207 4026 antea
1225 3980 1271 4029 fe·

179 4061 396 4128 placeretfierent;
408 4078 435 4109 ea
447 4071 547 4111 notante
560 4063 633 4112 Crev.
646 4062 692 4110 En.
737 4059 800 4135 cisse
816 4058 970 4106 Edesconem
985 4068 1010 4104 et
1023 4053 1169 4105 Indibilem.
