2768 4574
181 263 302 372 33:325,
365 287 515 354 arasa
546 287 842 355 autricae.
871 288 1012 354 xxxi.
1148 313 1213 383 ψ

154 401 294 501 lippum
307 403 352 475 ab
367 404 461 475 ludis
476 406 625 493 excivit3
643 405 848 503 raptimque
864 430 945 475 cum
961 408 1122 502 equitatu
1137 432 1221 504 pro·

156 511 286 602 fectus,
304 517 411 610 jussis
432 515 605 612 subsequi
624 513 822 612 peditibus,
842 514 980 612 palatos
998 519 1129 614 passim
1154 544 1220 616 per

157 649 260 720 agros
283 650 480 722 gravesque
500 625 619 722 praeda
637 625 778 721 (utqui
795 623 883 694 nihil
906 625 982 695 tale.
992 627 1218 724 metuerent)

158 735 305 804 adortus
321 741 518 824 Romanos,
536 735 711 832 compulit
723 738 761 805 in
776 734 894 806 naves.
910 736 1039 807 Classis
1051 763 1219 824 romana,

157 845 439 943 haudquaquam
460 846 541 916 laeta
564 847 717 942 praeda¹,
740 849 965 943 Naupactum
990 847 1108 918 rediit.
1135 850 1217 920 Phi·

157 956 258 1052 lippo
278 980 426 1052 quoque
440 954 638 1046 ludorum,
660 958 725 1052 qui
743 956 872 1052 reliqui
888 972 1013 1045 erant,
1032 958 1220 1035 celebrita-

158 1083 230 1137 tem
245 1081 547 1164 quantascumque
557 1120 566 1152 ,
578 1065 623 1136 de
639 1067 809 1137 Romanis
823 1080 961 1154 tamen,
976 1070 1132 1139 victoriae
1147 1095 1224 1168 par-

158 1194 201 1248 tae
211 1176 305 1246 fama
315 1165 684 1272 auxerat,.laetitiaqrre
697 1177 834 1272 ingenti
849 1175 1021 1249 celebrati
1035 1176 1115 1248 festi
1124 1178 1221 1268 dies3

158 1312 202 1358 eo
218 1287 330 1383 magis
344 1289 469 1374 etiam,
489 1287 607 1384 quod,
626 1287 847 1383 populariter
864 1285 1013 1383 dempto
1029 1290 1154 1385 capitis
1169 1291 1222 1369 in·

158 1398 251 1492 signi
264 1420 500 1494 purpuraque
520 1412 629 1494 atque
648 1396 719 1466 alio
733 1397 834 1493 regio
855 1394 1000 1484 habitu,
1020 1412 1226 1494 aquaverat.

158 1508 293 1578 caeteris
307 1532 344 1578 se
357 1509 394 1581 in
408 1509 563 1605 speciem
581 1535 588 1576 ε
605 1531 682 1603 ,(1υο
697 1505 785 1575 nihil
797 1508 933 1601 gratius
949 1521 1002 1576 est
1018 1507 1223 1579 civitatibus

158 1614 297 1701 liberis,
317 1616 599 1714 praebuissetque
615 1616 712 1687 haud
728 1614 875 1685 dubiam
895 1640 938 1686 eo
953 1615 1048 1687 facto
1068 1643 1167 1715 spem
1184 1618 1223 1688 li-

157 1723 327 1814 bertatis,
346 1727 414 1795 nisi
432 1727 554 1796 omnia
570 1724 798 1796 intoleranda
818 1724 970 1796 libidine
990 1724 1086 1796 foeda
1102 1753 1143 1799 ac
1158 1729 1222 1800 de-

158 1835 287 1906 formia
306 1835 492 1908 effecisset.
509 1834 715 1933 Vagabatur
728 1837 825 1907 enim
841 1860 922 1905 cum
940 1861 1014 1906 urm
1034 1853 1095 1908 aut
1109 1838 1223 1912 altero

158 1949 291 2017 comite
309 1971 374 2043 per
391 1949 536 2026 maritas
555 1948 704 2017 domos²
725 1946 801 2016 dies
822 1959 1040 2043 noctesque„
1060 1963 1110 2028 et,
1135 1948 1221 2019 sub-

158 2056 337 2128 mittendo
360 2082 397 2128 se
420 2059 458 2128 in
480 2059 660 2155 privatum
682 2056 881 2153 fastigium,
902 2081 976 2155 quo
994 2059 1115 2128 miuus
1135 2083 1221 2130 con-

192 2279 599 2344 Car.XKXl.1.Haudquaquam
610 2278 668 2326 lata
711 2276 778 2324 tibus
791 2250 920 2323 auttedd.
936 2287 961 2323 et
979 2277 1223 2341 MSS,omniumque
1265 2331 1267 2336 ,

152 2361 254 2422 praeda,
271 2360 355 2408 laetaus
373 2359 403 2406 de
421 2359 512 2423 praeda.
531 2357 603 2406 Conf.
616 2359 667 2413 IX,
710 2354 822 2419 principe
836 2356 889 2401 Put.
901 2355 932 2400 Et
946 2370 1004 2402 vero
1018 2371 1061 2401 cur
1074 2372 1118 2419 per
1130 2357 1222 2404 mariti·

157 2439 198 2485 23.
214 2466 247 2473 -—
261 2439 397 2494 Ludurum,
415 2438 459 2503 qui
476 2437 566 2498 reliqui
582 2446 664 2492 erant,
711 2449 761 2480 mas
770 2432 925 2497 potissimum
934 2432 1021 2481 domos
1031 2446 1157 2498 vagaretur
1166 2437 1222 2484 Phi·

158 2515 267 2574 dierum,
285 2519 327 2580 qui
347 2517 412 2565 ludis
434 2527 589 2582 supererant,
606 2515 666 2561 cele·

158 2595 269 2641 britatem
275 2596 351 2659 firma
362 2596 486 2652 auctorite,
502 2606 667 2658 quantaecum-

159 2688 219 2734 que,
245 2687 296 2718 non
319 2673 419 2735 quidem
438 2690 546 2737 magnae,
568 2685 664 2728 tamen,

159 2749 227 2812 quod
246 2748 281 2796 de
300 2752 415 2797 Romanis
430 2764 507 2815 parta
525 2763 589 2808 erat,
609 2750 666 2797 satis

158 2829 246 2884 clarae,
267 2839 376 2875 auxerat
399 2829 528 2892 Philippo,
552 2840 667 2891 tanquam

158 2907 298 2971 praesidenti
310 2906 371 2965 illis,
385 2907 411 2952 in
422 2908 473 2967 ejus
484 2908 617 2954 honorem:
629 2907 667 2953 vel

158 2987 243 3051 potius
252 2985 329 3051 fama
346 3001 443 3049 quoque
454 2997 538 3049 partae
555 2985 667 3049 Philippo

159 3065 283 3120 auctorite,
304 3075 350 3112 etc.
370 3064 446 3111 Gron.
465 3061 590 3126 Philippus
607 3073 666 3110 vett.

158 3145 227 3202 libri,
241 3144 314 3208 prob.
326 3129 400 3190 Iioer.
414 3153 442 3189 ut
454 3158 537 3189 sensus
550 3142 594 3190 sit:
610 3140 666 3188 Pht·

159 3223 237 3287 lippus
257 3238 353 3286 quoque
365 3221 441 3286 fama
461 3219 504 3286 (in
521 3236 579 3267 casu
596 3230 666 3267 sexto

159 3317 219 3365 pro:
230 3317 273 3366 per
283 3302 369 3348 famam
382 3310 454 3362 atque
467 3286 577 3363 gloriam)
590 3298 668 3345 ‘victo-

159 3381 203 3428 rire
215 3380 322 3442 reliquos
332 3379 447 3426 ludorum
458 3377 607 3426 edendorum
617 3376 667 3424 dies

159 3459 236 3506 multo
249 3458 395 3506 celebriores
409 3457 555 3507 reddiderat.
572 3485 604 3493 —
621 3456 667 3504 Ca·

710 2511 811 2576 lippus?
830 2522 879 2578 aut⁴
891 2527 963 2574 quem
985 2511 1026 2559 hic
1046 2514 1127 2560 locum
1148 2514 1223 2563 babet

711 2592 802 2638 mentio
816 2591 989 2641 maritimarum
1003 2591 1140 2662 domorum,
1149 2578 1233 2658 quum.

711 2685 790 2731 neque
800 2670 879 2730 Argos
887 2669 919 2715 ad
931 2685 996 2715 mare
1006 2670 1078 2717 situm
1089 2672 1132 2730 sit,
1142 2688 1223 2735 neque

712 2746 821 2794 Nemea?
833 2749 909 2792 Immo
919 2746 1021 2806 maritas
1032 2747 1116 2795 domm
1126 2751 1184 2797 facit
1191 2753 1224 2798 ad

711 2823 847 2888 augendam
860 2825 932 2888 regiae
945 2825 1057 2873 libidinis
1073 2828 1223 2889 foeditatem,
1252 2886 1256 2895 .

711 2918 765 2965 quae
779 2919 809 2949 ne
821 2903 957 2967 conjugalis
967 2904 1065 2967 quidem
1076 2907 1122 2954 tori
1132 2911 1223 2957 sancti·

711 2992 783 3028 tatem
797 2983 906 3046 polluere
920 2995 1058 3033 vereretur:
1074 3003 1118 3034 nec
1130 2987 1222 3035 locutio

710 3060 762 3124 ipsa
771 3057 923 3124 magis‘aures
933 3063 1057 3112 offendere
1067 3064 1139 3113 debet
1148 3082 1222 3129 qum

709 3139 771 3187 illud
786 3141 880 3188 Horatii
894 3143 945 3206 lege
958 3143 1061 3201 marita,
1078 3143 1157 3192 Carni.
1171 3161 1220 3197 sec.

712 3233 752 3266 ao.
764 3219 809 3266 Ea.
821 3245 853 3253 -—
861 3219 1025 3268 Submittendo
1039 3221 1228 3294 (demittendo)

710 3312 735 3342 se
751 3295 927 3361 infastigiavit,
943 3300 1111 3347 conditionem
1126 3301 1162 3366 (ut
1178 3305 1219 3362 11,

711 3391 754 3434 27,
764 3387 788 3423 et
799 3376 847 3433 ΙΙΙ,
860 3375 916 3440 35),
926 3377 1063 3438 privatum,
1075 3381 1164 3444 privati
1174 3382 1218 3429 ho-

711 3455 791 3503 minis.
800 3452 872 3501 Conf.
883 3454 915 3501 ad
924 3456 1074 3514 xxxvnr,
1090 3459 1121 3505 52
1136 3477 1173 3523 pr.
1184 3462 1217 3513 Τὸ

155 3536 306 3602 pitisinsig„
318 3537 460 3585 diademate.
471 3534 665 3600 -Iuspeeiera,
711 3549 736 3580 se
754 3532 845 3579 delevit
867 3533 939 3580 Drak.
958 3535 1074 3583 suadente
1094 3539 1171 3586 Gron.
1191 3552 1219 3595 ut
1243 3526 1248 3531 ⁵

159 3617 226 3680 quod
236 3616 267 3663 ad
277 3626 402 3667 externum
412 3616 529 3664 attinebat
538 3614 653 3662 habitum.
711 3602 1220 3680 sensusait:submr'tteudasastrgiumsuum

195 3712 219 3742 a.
239 3699 286 3743 Per
299 3695 401 3742 maritas
416 3695 516 3751 domos,
538 3695 564 3740 in
578 3693 674 3755 quihus¹
711 3687 751 3739 v'et
767 3692 859 3753 regium
873 3689 1032 3752 lupriuatum
1046 3711 1055 3740 :
1071 3696 1114 3742 sed
1124 3698 1236 3762 vulgata·

160 3786 228 3823 erant
238 3774 392 3822 matrimonio
399 3775 487 3833 juncti.
498 3774 535 3822 Cf.
546 3773 578 3820 ad
587 3788 609 3819 c.
620 3781 666 3830 at,
711 3769 840 3818 lecabene
853 3768 1014 3816 sehabet-
1027 3773 1172 3838 Fastrgium,
1185 3779 1220 3827 ait
1268 3790 1273 3800 '

160 3871 185 3901 n.
199 3869 221 3909 1,
231 3865 255 3900 et
269 3852 355 3916 Polyb.
365 3854 403 3910 X,
416 3852 458 3899 26.
465 3880 500 3888 -
509 3853 568 3900 Non
573 3850 668 3899 felicem
714 3849 860 3914 Stephanus,
870 3848 973 3894 Romani
980 3865 1128 3900 vocaverunt
1136 3889 1143 3913 ,
1151 3858 1218 3918 quod

161 3932 273 3980 Rhenani
292 3933 356 3992 conj.
371 3948 415 3996 per
435 3931 569 3979 maritimas
585 3931 669 3978 domos
713 3928 800 3993 vulgus
812 3925 981 3991 statumfe'tut,
994 3928 1129 3998 condition)
1139 3948 1217 3985 vocat.

157 4013 212 4072 jure
225 3997 253 4059 ic
264 4012 350 4059 merito
361 4011 444 4071 rejecit
455 4013 525 4060 Cres.
537 4011 668 4060 aasentieu·
715 4007 847 4072 Fastigium
859 4022 915 4070 pars
930 4006 977 4052 ima
989 4007 1090 4069 alicujus
1103 4014 1136 4067 rei
1150 4016 1226 4086 etiam,

985 4119 1041 4190 tt).
