2768 4574
191 271 312 384 illi:
422 300 513 366 Lm.
542 300 682 367 xxvi.
709 302 813 368 our.
836 303 878 370 v.
902 301 966 370 vr.
1163 327 1229 399 119

62 483 65 488 .
160 422 341 516 jactorum
361 419 398 488 in
420 419 559 491 medios
581 442 642 491 eos
663 423 854 510 minitans,
876 424 914 492 ni
938 448 975 494 se
998 447 1152 521 propere
1171 451 1229 496 se-

165 544 326 627 quantur
346 530 497 618 milites,
517 546 554 601 et
575 545 715 628 partem
735 547 922 628 capessant
941 557 1081 630 pugnae.
1100 540 1231 632 Ingens

164 664 297 737 corpus
319 655 418 730 erat,
436 655 473 712 et
498 666 596 712 arma
617 640 880 730 honestabunt,
900 658 936 712 et
951 644 1141 717 ¹sublatum
1162 646 1231 717 alte

164 750 306 846 signum
324 766 550 822 converterat
574 750 618 820 ad
638 752 884 848 spectaculum
909 754 1002 824 cives
1022 754 1229 852 hostesque.

164 863 342 931 Caeterum
356 915 365 948 ,
381 874 576 959 postquam
594 863 669 956 jam
688 861 731 930 ad
751 862 852 958 signa
873 879 1086 959 pervenerat
1104 867 1231 962 Hispa-

163 996 316 1062 norum,
336 988 414 1044 tum
434 974 597 1070 undique
616 974 654 1041 iu
676 996 760 1042 eum
782 972 930 1069 tragulae
947 973 1118 1066 conjectae
1130 985 1174 1063 ¹¹,
1195 990 1231 1046 et

163 1105 279 1180 prope
297 1098 375 1154 tota
395 1085 434 1152 in
455 1109 570 1154 unum
590 1083 682 1153 acies
702 1106 828 1152 versa:
845 1082 907 1152 sed
930 1107 1052 1178 neque
1071 1083 1231 1155 hostium

162 1192 381 1281 multitudo,
401 1218 521 1290 neque
544 1193 701 1264 telorum
729 1194 782 1263 vis
806 1216 927 1263 arcere
950 1194 1129 1288 impetum
1153 1195 1231 1289 ejus

162 1304 229 1373 viri
243 1318 453 1401 putuerunt.

211 1418 271 1483 VI.
296 1419 341 1484 Et
354 1419 402 1484 M.
419 1414 546 1484 Atilius
557 1414 711 1510 legatus,
730 1412 837 1509 primi
852 1413 1025 1510 principis
1042 1438 1087 1483 ex
1103 1414 1230 1484 eadem

158 1523 303 1620 ,legione
315 1527 477 1623 signum¹
490 1523 616 1595 inferri
628 1526 667 1594 in
682 1523 871 1594 cohortem
881 1525 1139 1621 Hispanorum,
1155 1551 1230 1596 coe·

161 1635 236 1728 git3
261 1650 315 1721 et,
337 1639 401 1732 qui
425 1638 547 1707 castris
569 1648 768 1732 praeerant,
790 1639 832 1704 L.
856 1635 1003 1705 Porcius
1025 1635 1172 1705 Licinus
1192 1652 1229 1706 et

161 1748 200 1812 T.
221 1747 394 1843 Popillius
411 1748 520 1845 legati
538 1772 606 1844 pro
619 1745 713 1816 vallo
736 1747 865 1816 acriter
884 1761 1132 1843 propugnant,
1154 1747 1229 1817 ele-

158 1855 390 1953 phantosque
412 1857 716 1955 transgredientes
739 1858 777 1926 in
800 1857 879 1954 ipso
901 1856 994 1927 vallo
1017 1855 1226 1927 conficiunt.

162 1968 330 2056 Quorum
349 1967 562 2065 corporibus
581 1993 695 2064 quum
716 1967 864 2065 oppleta
882 1983 974 2038 esset
996 1966 1109 2055 fossa,
1130 1968 1230 2038 velut

161 2101 290 2174 aggere
316 2093 377 2148 aut
399 2094 512 2176 ponte
535 2079 694 2173 injecto,
714 2080 905 2149 transitum
931 2077 1097 2149 hostibus
1116 2078 1227 2150 dedit.

122 2181 128 2190 ’
160 2186 217 2257 Ibi
235 2213 302 2284 per
322 2203 475 2286 stragem
492 2189 687 2285 jacentium
710 2189 989 2287 elephantorum
1008 2204 1111 2287 atrox
1134 2189 1230 2260 edita

68 2367 76 2383 ,
160 2297 283 2370 caedes.
311 2301 433 2371 Altera
456 2301 494 2370 in
516 2314 617 2397 parte
643 2315 842 2370 castrorum
859 2299 933 2395 jam
958 2302 1105 2398 impulsi
1126 2315 1227 2372 erant

160 2412 360 2507 Campani²
375 2412 626 2508 punicumque
646 2409 870 2507 praesidium,
888 2422 924 2478 et
942 2406 1010 2480 sub
1028 2410 1104 2506 ipsa
1124 2422 1229 2505 porta

160 2522 302 2615 Capuae,
314 2547 396 2620 quae
403 2522 626 2592 Vulturnum
631 2515 739 2615 feru,
752 2519 1003 2617 pugnabatur:
1019 2544 1139 2616 neque
1154 2533 1227 2588 tarn

160 2633 287 2699 armati
296 2630 582 2728 irrumpentibus
592 2630 762 2703 Romanis
771 2628 997 2718 resistebant,
1007 2655 1114 2726 quarn
1125 2628 1229 2726 quod
1253 2658 1255 2662 ·

160 2751 283 2833 porta,
301 2738 451 2810 ballistis
469 2739 796 2837 scorpionibusque
821 2741 1013 2828 instructa,
1032 2739 1228 2810 missilibus

159 2847 289 2940 procul
307 2847 429 2918 hostes
448 2848 600 2921 arcebat.
623 2854 668 2921 Et
686 2849 885 2947 suppressit
902 2852 1079 2946 impeturn
1094 2855 1227 2919 Roma-

159 2981 292 3025 norum
306 2955 438 3028 vulnus
452 2961 678 3056 imperatoris
694 2964 762 3058 Ap.
780 2960 937 3048 Claudii,
955 2961 1029 3043 cui,
1045 2980 1130 3027 suos
1144 2971 1227 3026 ante
1321 3017 1326 3025 .

197 3163 276 3209 11.In
288 3178 343 3208 erun
352 3162 458 3226 tragula
467 3160 598 3226 conjeram
610 3162 667 3210 vide
711 3175 785 3225 supra
807 3160 839 3207 ad
858 3159 949 3206 librum
968 3160 996 3216 I,
1017 3173 1072 3221 cap.
1091 3164 1138 3216 rt,
1160 3175 1183 3203 n.
1200 3153 1224 3204 8.

157 3241 189 3289 ad
202 3243 280 3300 XXI,
296 3258 319 3301 7,
332 3258 357 3287 n.
368 3243 394 3288 6.
747 3237 772 3285 3.
789 3241 866 3285 Porta
887 3239 990 3302 capon,
1012 3254 1067 3300 quce
1082 3239 1226 3284 Vulturnum

193 3322 253 3369 Car.
264 3321 309 3367 VI.
322 3335 343 3365 1.
353 3316 432 3364 Primi
434 3315 552 3379 principis
558 3315 652 3378 signum
656 3333 667 3372 ;
711 3331 770 3381 opp.
778 3317 825 3381 (ad
829 3317 973 3364 Vulturnum
977 3351 986 3374 ,
996 3317 1048 3363 scil.
1057 3315 1159 3363 fluvium
1168 3316 1224 3363 edd.

158 3398 259 3445 vidend
273 3401 310 3456 II,
327 3413 371 3458 27,
389 3413 415 3442 n.
433 3411 457 3455 7.
475 3421 511 3431 -·
528 3392 619 3458 Inferri
636 3394 667 3441 ab
711 3406 767 3443 ante
781 3394 950 3460 Gron.)fert:
968 3395 1068 3460 proprie
1081 3395 1126 3441 via
1140 3395 1224 3458 aliquo

158 3477 272 3540 signifero
282 3476 361 3541 coegit
368 3474 448 3522 illud:
461 3473 555 3521 duriter
564 3473 666 3522 dictum.
705 3471 774 3537 firre
788 3484 812 3520 et
821 3474 908 3521 ducere
922 3473 1018 3523 dicitur.
1029 3474 1121 3523 Conler
1130 3490 1183 3536 cap.
1197 3475 1225 3531 5,

157 3557 230 3602 Forte
241 3556 287 3619 leg.
302 3554 389 3620 irfirre
405 3553 484 3618 carpit.
491 3580 527 3589 ·-
537 3556 585 3600 Pro
597 3553 667 3600 vallo
712 3561 737 3599 et
747 3551 779 3598 ad
787 3552 877 3613 XXII,
888 3561 928 3613 14,
937 3569 961 3600 n.
976 3570 997 3601 1.
1007 3554 1070 3601 Mox
1077 3568 1123 3617 pro
1134 3551 1225 3598 resiste-

158 3635 247 3681 acriter
256 3645 415 3698 propugnant
427 3635 482 3682 Put.
496 3645 520 3680 et
533 3633 597 3680 Flor.
611 3648 668 3680 vere
713 3631 773 3677 bant
782 3631 828 3679 MS
840 3634 896 3678 Put.
905 3631 1063 3688 resistabant,
1075 3631 1141 3678 unde
1149 3643 1225 3678 resta-

158 3724 183 3762 et
193 3714 308 3778 proprie,
318 3714 374 3761 vide
386 3716 464 3762 Gron.
472 3713 544 3760 Obss.
560 3714 605 3771 IV,
619 3728 667 3774 19,
712 3709 848 3775 bant(vide
854 3709 885 3756 ad
891 3712 938 3771 IV,
949 3710 980 3757 58
988 3727 1026 3769 ,n.
1036 3709 1061 3774 5)
1071 3711 1223 3771 conj.Gron.

157 3809 214 3858 pag.
226 3794 283 3847 soa.
293 3792 666 3861 Pugnantalii.-Conficiunc;
710 3790 779 3838 Idem
803 3801 828 3837 et
848 3789 923 3837 Drak.
946 3804 1006 3836 mox
1025 3792 1053 3841 τὸ
1077 3790 1145 3854 quod
1163 3801 1221 3854 post

157 3872 214 3920 vide
224 3871 256 3919 ad
264 3873 302 3930 11,
318 3874 666 3938 to,n.8.--Perstragem,·
711 3886 790 3934 quam·
804 3869 884 3916 alieno
903 3868 959 3916 loco
979 3868 1129 3917 inculcatum
1150 3880 1222 3935 puta-

157 3951 215 4000 vide
228 3951 260 3999 ad
270 3951 303 4010 V,
318 3965 364 4008 ra,
377 3967 401 3996 n.
412 3951 437 3999 6.
709 3949 778 3997 bant.
796 3949 887 3998 Confer
900 3947 932 3995 ad
944 3946 1075 4007 XXVIII,
1093 3952 1139 4009 (23,
1157 3967 1183 3998 n.
1198 3967 1225 3997 2.

194 4034 282 4080 adam
290 4028 387 4095 impulsi
392 4039 463 4078 erant
470 4029 589 4094 Campani
591 4047 601 4088 ,·
611 4029 667 4080 ride
712 4055 746 4067 -·
760 4029 995 4097 Scorpionibusque;
1014 4028 1070 4076 vide
1085 4029 1117 4078 ad
1129 4029 1229 4090 xxm,
