2768 4574
147 273 219 359 346
563 280 600 346 r.
634 279 778 353 mvn
1056 256 1186 369 taes

146 393 251 465 tertia
279 393 396 490 vigilia
424 392 630 492 profectus,
658 396 820 496 trepidos
851 396 972 469 hostes
998 400 1214 475 Heracleam

146 504 392 601 compulisset,
416 505 493 604 ipse
518 531 595 577 uno
622 506 681 578 die
705 507 870 580 Phocidis
895 506 1070 580 Elatiam³
1095 510 1215 582 millia

146 615 300 713 amplius
315 616 498 712 sexaginta
512 619 707 709 contendit.
723 618 861 690 Eodem
877 615 991 691 ferme
1010 619 1068 692 die
1083 619 1130 691 ab
1145 625 1212 692 At·

146 725 219 795 talo
235 750 321 824 rege
340 728 585 824 Opuntiorum
606 727 693 800 urbs
711 743 815 826 capta
838 727 1100 827 diripiebatur:
1120 754 1216 802 con·

147 851 301 910 cesserat
316 862 395 909 eam
411 837 568 935 praedam
586 840 664 937 regi
672 839 867 938 Sulpicius,
882 839 968 935 quia
976 843 1111 910 Oreum
1120 863 1217 937 pau-

147 972 210 1019 cos
234 962 318 1019 ante
339 948 414 1021 dies
437 950 483 1022 ab
503 976 656 1022 romano
678 951 809 1039 milite,
828 949 1061 1047 expertibus⁴
1082 950 1217 1047 regiis,

147 1057 330 1157 direptum
358 1057 486 1131 fuerat.
514 1064 637 1153 Quum
661 1085 811 1132 romana
835 1059 954 1132 classis
979 1084 1023 1131 eo
1048 1083 1086 1130 se
1109 1083 1217 1147 rece·

52 1254 56 1260 ¹
146 1170 273 1267 pisset‚
294 1169 448 1258 Attalus,
463 1172 609 1269 ignarus
625 1171 800 1243 adventus
818 1169 991 1268 Philippi,
1009 1169 1176 1268 pecuniis
1195 1193 1236 1247 a.

146 1278 582 1378 principibusexigendis
605 1279 746 1354 terebat
768 1294 924 1378 tempus.
948 1278 1122 1376 Adeoque
1144 1280 1219 1348 im·

146 1389 289 1486 provisa
307 1409 364 1460 res
389 1387 474 1480 fuit,
499 1405 559 1480 ut,
585 1393 655 1461 nisi
673 1392 901 1463 Cretensium
925 1388 1093 1488 quidam,
1116 1386 1221 1473 forte

146 1498 361 1597 pabulatum
375 1500 421 1572 ab
435 1501 527 1573 urbe
540 1503 682 1601 lougius
694 1494 891 1600 progressi,
905 1525 1037 1599 agmen
1050 1499 1219 1571 hostium

146 1609 274 1707 procul
288 1615 576 1710 conspexissent,
596 1615 756 1712 opprimi
771 1609 942 1712 potuerit.
957 1609 1098 1683 Attalus
1113 1610 1220 1681 iner-

147 1721 216 1791 mis
233 1735 343 1818 atque
365 1725 628 1821 incompositus
651 1748 760 1795 cursu
779 1720 895 1794 effuso
917 1745 1016 1791 mare
1041 1742 1082 1789 ac
1101 1740 1221 1788 naves

147 1832 258 1929 petit,
279 1846 316 1903 et
335 1832 570 1905 molientibus
586 1832 632 1904 ab
652 1848 747 1905 terra
767 1856 876 1903 naves
890 1829 1077 1927 Philippus
1091 1849 1220 1924 super·

146 1943 263 2031 venit,
286 1944 557 2040 tumultumque
579 1945 690 2017 etiam
701 1969 744 2015 ex
766 1957 863 2014 terra
877 1940 1030 2011 nauticis
1042 1934 1219 2036 praebuit.

147 2052 238 2125 Inde
264 2059 450 2152 Opuntem
475 2054 603 2144 rediit,
623 2054 719 2151 ‚deos
747 2053 987 2147 hominesque
1020 2070 1221 2135 accusans,

147 2162 250 2260 quod
272 2178 380 2235 tantae
409 2166 463 2236 rei
490 2162 697 2237 fortunam⁵
721 2190 765 2237 ex
791 2162 905 2235 oculis
930 2182 1048 2259 prope
1073 2171 1223 2255 raptem

148 2273 331 2344 amisisset.
358 2276 511 2372 Opuntii
539 2300 689 2373 quoque
714 2274 761 2375 ab
787 2273 913 2345 eadem
940 2273 993 2342 ira
1021 2268 1224 2366 increpiti,

148 2381 267 2478 quod,
285 2407 399 2479 quum
419 2383 562 2456 trahere
580 2385 810 2458 obsidionem
828 2384 868 2453 in
890 2381 1089 2453 adveutum
1108 2403 1224 2450 suum

148 2597 221 2645 Crev.
235 2623 274 2649 .-
287 2599 346 2647 Nou
364 2598 466 2664 indigna
481 2611 540 2648 sunt
557 2599 589 2647 ed
608 2616 663 2664 quae
708 2599 766 2648 dum
777 2610 803 2648 et
815 2592 931 2646 Phocidii
943 2596 1113 2664 (cdxxxii,
1127 2592 1225 2661 ¹8),et

148 2675 386 2737 annumerandas,
396 2679 469 2727 verba
479 2681 549 2728 Crev.
560 2679 664 2727 adhunc
708 2679 838 2726 Thessaliae
845 2695 853 2736 ;
861 2677 891 2725 de
906 2692 956 2741 quo
967 2677 1019 2726 vid.
1030 2677 1114 2734 XLII,
1126 2674 1172 2731 54.
1186 2703 1225 2712 -

147 2754 238 2818 locum.
251 2757 303 2820 Ipsi
316 2759 382 2805 enim
392 2759 433 2806 hie
445 2776 543 2823 quoque
557 2759 662 2816 videtur,
707 2757 789 2806 Miltia
796 2757 900 2819 amplius
906 2755 1036 2820 sexaginta
1039 2771 1050 2811 ,·
1058 2753 1116 2801 vide
1126 2753 1159 2801 ed
1168 2756 1225 2814 111,

147 2846 176 2882 ut
185 2834 276 2899 saepius
284 2836 505 2898 alibi,trajectione
514 2853 664 2901 vocumpec·
707 2839 755 2896 64,
768 2854 793 2886 n.
807 2838 832 2896 5,
846 2847 870 2884 et
879 2838 933 2894 IX,
946 2842 993 2893 24,
1004 2849 1063 2882 Μ.

148 2925 239 2962 catum.
252 2914 382 2980 Philippus
392 2932 464 2980 supra
474 2933 527 2980 cap.
537 2916 562 2973 5,
573 2915 663 2963 dieitur
744 2924 767 2972 4.
781 2913 930 2978 Expertibus
942 2912 1029 2978 regiis,
1043 2910 1123 2961 etuti
1134 2910 1226 2961 militi·

134 2999 137 3006 '
148 2993 386 3042 exercitumomuem
396 2994 517 3042 Scotussae
524 2982 662 3056 reliquisse,
706 2996 765 3053 hus,
775 2994 868 3045 seilicet
877 2993 975 3058 praedae.
983 2991 1103 3054 -Quum
1112 3005 1225 3038 romam

147 3073 201 3137 ipse
213 3089 269 3120 cum
283 3073 384 3120 cohorte
401 3073 467 3135 regia
484 3071 664 3119 Demetriadem
708 3073 790 3122 classis
800 3090 814 3120 a
825 3072 941 3121 Chalcide
955 3087 983 3118 eo
995 3085 1021 3118 se
1033 3067 1175 3133 recepisset,
1188 3085 1224 3116 sc.

149 3168 175 3198 se
190 3152 320 3215 recepisse.
337 3151 399 3198 Inde
416 3151 491 3212 igitur
508 3151 615 3215 primum
629 3151 661 3198 ad
705 3154 802 3216 Cynum
811 3151 936 3222 Locridis,
947 3150 990 3198 ubi
1001 3149 1029 3196 in
1039 3147 1145 3196 statione
1156 3158 1243 3219 eret,⁸

148 3231 289 3278 Scotussam
310 3229 388 3288 redit,
406 3244 466 3276 mox
488 3231 558 3277 tertia
578 3230 662 3292 vigilie
680 3265 682 3269 .
703 3243 733 3279 ut
751 3231 843 3279 faveret
858 3231 943 3278 Attalo
957 3232 1083 3294 Opuntem
1097 3225 1224 3289 capienti3

149 3310 288 3372 profectum
305 3309 418 3356 observat
434 3308 518 3355 Livius
531 3319 559 3356 ut
573 3309 662 3355 intelli·
707 3313 785 3359 Grou.
803 3309 876 3359 cent
892 3325 946 3373 cap.
961 3308 978 3354 6
993 3317 1056 3354 extr.
1069 3308 1164 3354 Recte:
1179 3304 1225 3354 sed

148 3388 352 3452 gaturPhilippus
362 3389 446 3452 copias
456 3405 528 3452 quam
538 3388 662 3436 celerrime
706 3391 769 3438 forte
778 3389 870 3452 Cynum
880 3387 926 3451 leg.
936 3402 983 3451 pro
993 3401 1031 3442 eo,
1041 3400 1074 3431 ne
1082 3383 1224 3443 subiectum

149 3467 276 3515 excivisse.
290 3466 402 3529 Denique
414 3469 505 3532 raptim
518 3485 558 3515 ees
568 3469 621 3533 ‘agit
631 3467 662 3514 ad
706 3468 778 3516 nimis
786 3478 908 3515 remotum
918 3466 961 3524 sit,
973 3475 998 3512 et
1008 3465 1065 3527 quia
1076 3465 1168 3510 Oreum
1176 3480 1225 3529 pro
1239 3520 1242 3525 1

149 3545 370 3610 Thermopylarum
381 3547 481 3607 saltum,
493 3558 517 3595 et
525 3547 662 3595 AEtolorum
706 3564 734 3595 eo
742 3546 859 3595 exhibent
867 3544 968 3608 quidam
977 3545 1040 3592 MSS
1047 3554 1072 3591 et
1080 3541 1138 3590 edd.
1146 3554 1227 3594 vett-e

149 3625 293 3688 praesidium
313 3624 403 3673 fundit.
423 3629 483 3675 Haee
504 3626 587 3674 omnia
607 3625 662 3673 luce
706 3631 745 3677 vel
758 3627 787 3695 eb
803 3642 831 3673 eo
845 3623 1000 3672 referendum
1014 3622 1046 3670 ad
1062 3622 1227 3686 Opuntiorum

60 3720 63 3728 ¹
151 3703 253 3751 clariora
267 3715 339 3751 erunt
354 3704 462 3754 tabulam
475 3704 663 3770 geographieam
707 3707 801 3763 urbem,
818 3705 888 3764 eujus
907 3704 993 3751 navale
1012 3703 1061 3750 luit
1081 3701 1173 3763 Cymes.
1190 3728 1228 3738 —

150 3782 346 3846 inspicientibus.
356 3787 401 3832 En.
708 3785 768 3833 Mol.
778 3784 810 3832 ab
821 3795 887 3831 terra
896 3798 983 3840 naves;
994 3781 1102 3839 videvl,
1114 3796 1191 3840 11,n.
1202 3779 1229 3826 5.

187 3864 210 3910 3.
221 3862 336 3927 Phocidis
349 3861 446 3926 (urbem
456 3860 595 3928 maximam)
604 3863 664 3910 Ela-
745 3864 769 3911 5.
785 3865 870 3910 Tantce
883 3860 1075 3927 miserrimam,
1093 3874 1129 3907 ec.
1140 3858 1231 3925 rivum

149 3939 222 3999 tiam,
232 3959 276 3990 seu
286 3941 529 4019 Elateam3Plroeidis
544 3941 606 3990 bene
622 3942 663 3989 ad·
709 3942 823 4006 capiendi
839 3941 960 3989 Attalum.
976 3967 1011 3978 -
1024 3938 1065 3987 Ab
1082 3936 1172 3987 eadem
1189 3937 1232 3992 im

148 4025 245 4086 ficitur,
264 4025 382 4086 quoniam
401 4019 510 4073 Ἐλάτεια
529 4025 577 4074 fuit
593 4026 664 4089 oppi·
710 4020 821 4086 increpiti
824 4037 835 4079 ;
849 4019 906 4071 vide
918 4019 949 4068 ed
962 4023 988 4081 1,
1003 4035 1027 4077 r,
1039 4033 1064 4064 u.
1075 4016 1100 4066 5.
