2768 4574
152 309 215 404 ll:
227 307 273 411 3221
336 325 487 392 maun
517 326 697 393 xxvlu.
724 327 827 393 car.
854 329 970 395 xxv.
1110 325 1179 423 389

127 447 255 516 diarias
273 445 431 515 civitates
449 443 696 534 exactoribus,
717 445 887 541 stipendii
906 472 1006 544 spem
1027 452 1180 549 propin-

128 581 237 653 quam
252 554 379 628 facere.
394 555 560 626 Edictum
577 554 732 626 subinde
746 557 992 653 propositum,
1007 574 1048 629 ut
1064 558 1109 630 ad
1122 560 1182 630 sti-

127 667 300 763 pendium
320 663 542 763 petendum⁵
566 667 802 736 convenirent
823 667 1094 764 Carthaginem,
1118 694 1182 740 seu

128 777 277 874 carptim
291 791 428 873 partes,
450 801 513 847 seu
529 777 688 846 universi
705 776 864 847 mallent.
880 777 1120 873 Tranquillam
1136 804 1184 849 se·

127 885 319 970 ditionem,
334 886 408 981 jam
422 910 487 982 per
501 910 538 956 se
555 886 865 983 languescentem,
880 888 1069 983 repentina
1081 888 1184 982 quies

127 995 378 1067 rebellantium
405 996 648 1091 Hispanorum
673 992 768 1066 fecit.
798 994 990 1068 Redierant
1021 996 1117 1065 enim
1144 996 1184 1064 in

127 1105 242 1193 fines,
260 1105 393 1175 omisso
413 1105 577 1201 incepto,
597 1103 815 1175 Mandonius
833 1117 869 1174 et
882 1102 1063 1190 Indibilis,
1083 1117 1185 1199 post-

128 1241 237 1313 quam
250 1217 370 1286 vivere
388 1216 593 1311 Scipionem
607 1214 754 1285 allatum
773 1229 849 1285 est:
866 1238 933 1285 nec
948 1214 1023 1308 jam
1036 1226 1112 1284 erat
1123 1227 1185 1283 aut

128 1326 232 1411 civis,
251 1339 312 1395 aut
326 1340 514 1413 externus,
532 1349 614 1395 cum
629 1350 704 1422 quo
718 1323 878 1396 furorem
890 1350 995 1395 suum
1010 1325 1187 1395 consocia-

29 1512 32 1518 ,
128 1449 220 1505 rent.
246 1437 376 1505 Omnia
399 1437 741 1533 circumspectantes
766 1435 1031 1536 consiliatnihil
1056 1435 1188 1532 reliqui

128 1542 333 1633 habebant,
358 1560 488 1642 praeter
511 1570 588 1615 non
613 1546 832 1616 tutissimum
858 1571 879 1615 a
905 1545 1006 1616 malis
1031 1545 1188 1616 consiliis

128 1652 349 1751 receptumss,
366 1668 407 1725 ut
422 1655 648 1751 imperatoris
663 1654 720 1726 vel
733 1654 838 1749 justae
855 1656 932 1743 irae,
951 1654 1009 1726 vel
1033 1679 1109 1753 non
1130 1652 1189 1724 de-

129 1762 315 1858 speranda>
329 1764 527 1834 clementiae
547 1787 625 1833 sese
646 1765 934 1835 committerent:
950 1765 1056 1834 etiam
1076 1762 1187 1833 hosti·

129 1871 198 1942 bus
210 1896 292 1942 eum
305 1873 497 1968 ignovisse,
508 1896 593 1942 cum
602 1872 735 1969 quibus
744 1873 840 1945 ferro
854 1873 1073 1943 dimicasset:
1086 1897 1187 1943 suam

130 1980 343 2051 seditionem
371 1983 446 2053 sine
471 1982 639 2067 vulnere,
665 1984 742 2053 sine
768 1985 942 2080 sanguine
966 1983 1093 2070 fuisse,
1119 2008 1189 2053 nec

130 2093 244 2187 ipsam
258 2105 436 2176 atrocem,
454 2116 521 2162 nec
540 2094 652 2162 atroci
667 2116 775 2188 poena
796 2091 963 2189 dignam3
984 2108 1026 2163 ut
1045 2095 1190 2189 ingenia

128 2200 287 2271 humana
300 2215 385 2271 sunt
398 2200 442 2271 ad
457 2225 558 2271 suam
570 2203 701 2297 cuique
714 2201 903 2272 levandam
918 2203 1061 2299 culpam
1075 2204 1187 2273 nimio

130 2311 211 2406 plus
220 2309 406 2382 facundae
420 2309 484 2380 Illa
496 2309 675 2381 dubitatio
685 2324 777 2398 erat,
793 2310 989 2407 singulaene
1004 2311 1187 2397 cohortes,

130 2445 175 2490 an
196 2422 370 2508 universi,
395 2419 441 2491 ad
457 2419 674 2517 stipendium
695 2419 894 2517 petendum
913 2422 1019 2491 irent.
1039 2420 1189 2491 Inclina-

129 2532 181 2600 vit
202 2531 396 2617 sententia,
414 2530 514 2628 quod
535 2530 648 2600 tutius
667 2528 882 2614 censebant,
900 2526 1105 2600 universos⁸
1123 2531 1186 2598 ire.

133 2721 183 2776 las,·
196 2716 247 2767 rid.
255 2723 292 2780 11,
305 2737 327 2780 1,
340 2737 366 2768 n.
376 2720 400 2768 5.
412 2749 448 2757 —
459 2720 637 2785 Stipendiarias
681 2721 840 2784 cupiditatem
849 2719 951 2776 babeat3
960 2721 1079 2766 Gron.—
1086 2719 1144 2764 Non
1151 2718 1191 2764 de·

132 2799 255 2855 civitaten
264 2798 351 2856 vid.V,
364 2813 443 2856 10,n.
455 2799 478 2846 5.
608 2852 611 2857 ¹
680 2798 808 2860 sperandae
816 2796 955 2842 clementiae.
960 2796 1050 2842 Eadem
1058 2795 1088 2842 ds
1094 2796 1189 2858 anglia

169 2878 192 2924 5.
201 2876 244 2923 Ad
252 2875 354 2939 stipend.
363 2876 505 2938 petendum,
517 2875 581 2930 alters
594 2876 636 2926 ἐπὶ
680 2876 763 2938 regina
773 2874 892 2937 expressit
901 2875 1013 2928 Bessara,
1026 2873 1189 2938 Oraisonssu-

133 2959 199 3009 σῖτον
212 2973 251 3020 ap.
258 2955 364 3019 Appian.
371 2955 442 3018 Hisp.
452 2955 485 3010 34
495 2966 556 3003 extr,
569 2955 638 3022 κομί·
681 2953 778 2999 nebres:
788 2974 800 2992 ιι
808 2951 900 2999 Jamais
905 2967 939 2998 on
944 2951 983 2997 n'a
991 2949 1065 2998 doutei
1075 2951 1105 2998 de
1115 2969 1140 2998 su
1149 2969 1189 3015 pa-

133 3037 214 3096 ζεσθαι
224 3033 270 3094 τὰς
282 3032 410 3104 σιταρχίας
420 3046 445 3083 et
455 3034 471 3088 ἡ
483 3027 574 3102 κομιδὴ
588 3039 636 3083 τῶν
682 3031 742 3090 role,
749 3028 909 3094 niddsespere
916 3029 946 3076 de
953 3045 978 3076 sa
985 3028 1131 3091 clemence».
1141 3031 1187 3076 En.

133 3115 237 3182 ὀψωνίων
252 3132 291 3179 ap.
304 3113 393 3178 Polyb.
405 3113 498 3172 xt‚25
508 3124 533 3161 et
545 3114 588 3160 26.
602 3139 637 3148 -
717 3126 741 3170 7.
761 3109 863 3175 Ingenia
878 3108 986 3156 humana
1000 3119 1056 3155 sunt
1072 3108 1109 3154 ad
1120 3125 1190 3155 suam

134 3198 178 3242 Seu
187 3195 289 3258 carptim
294 3206 393 3257 partes,
413 3209 454 3240 seu
466 3191 569 3239 universi
576 3191 638 3238 mal·
682 3189 768 3254 cuique
784 3189 913 3236 levandam
931 3188 1028 3250 culpram
1045 3186 1119 3233 nimio
1132 3187 1190 3250 plus

135 3275 195 3330 lent,
215 3275 279 3321 forte
286 3289 335 3338 per
342 3283 441 3335 partes,
462 3272 540 3319 Gron.
560 3270 601 3318 stc
614 3279 639 3317 et
674 3267 789 3332 facunda
808 3285 817 3315 ,·
838 3267 942 3332 «potius
956 3264 1083 3330 secunda,
1106 3264 1189 3313 multis

134 3353 340 3416 Polyb.xt,1s
370 3349 439 3415 (xt,
456 3349 504 3407 25,
528 3364 579 3406 10,
600 3348 638 3395 ed.
682 3348 736 3395 soil.
749 3347 902 3394 inveniendis
918 3357 943 3393 et
961 3344 1043 3392 animo
1056 3341 1191 3406 fingendis,

136 3428 434 3495 Schweigh.),quodjam
443 3427 539 3476 monuit
552 3426 639 3482 Drak„
683 3426 772 3489 quihus
798 3425 846 3472 iras
868 3425 983 3472 adversus
1008 3438 1033 3469 se
1060 3432 1192 3485 conceptas

137 3505 165 3558 ἄν
186 3527 213 3558 τι
239 3508 305 3559 κατὰ
327 3509 386 3578 μέρη
410 3511 480 3559 τοῦτο
507 3505 640 3570 βούλωνται
684 3505 787 3561 molliri,
801 3516 826 3551 et
837 3501 1030 3566 magnitudinem
1046 3500 1192 3547 delictorum

136 3589 222 3648 ποιεῖν,
236 3587 264 3637 ἄν
276 3580 297 3638 d'
309 3589 367 3657 ὁμοῦ
381 3587 482 3646 πάντες.
684 3599 784 3631 suorum
793 3582 918 3630 extenuari
926 3596 998 3645 posse
1005 3579 1052 3626 sibi
1065 3578 1194 3625 blandiun-

172 3667 196 3712 6.
211 3667 266 3712 Nou
279 3666 445 3713 tutissimuma
454 3665 525 3713 malis
536 3663 642 3711 consiliis
684 3674 732 3711 tur.
747 3661 874 3709 Facundia
890 3660 916 3706 in
934 3674 1044 3706 sermone
1057 3665 1193 3727 προφορικῷ

138 3756 271 3807 receptum
281 3745 312 3791 cf.
322 3744 353 3791 ad
360 3747 404 3802 IV,
417 3745 459 3803 57,
468 3759 492 3791 n.
503 3758 527 3791 a.
536 3743 595 3791 Non
604 3753 640 3790 est
685 3754 735 3800 est,
748 3740 838 3804 dequo
852 3740 893 3786 hic
907 3754 957 3786 non
971 3738 1080 3800 agitur».
1098 3735 1189 3784 Duker.

137 3840 194 3870 sane
209 3835 276 3871 tutus
292 3823 423 3870 admodum
443 3833 569 3886 receptus,
581 3838 640 3885 per·
684 3821 798 3869 Fecunda
817 3819 853 3866 ad
872 3817 999 3865 levandam
1021 3815 1118 3879 eulpram
1139 3814 1192 3863 dici

137 3902 231 3949 nrittere
243 3919 267 3950 se
280 3903 363 3949 alienas
376 3904 419 3950 vel
431 3902 475 3949 irae
485 3902 528 3948 vel
539 3902 640 3948 elersen·
684 3916 736 3947 non
751 3914 822 3963 posse
842 3896 943 3960 putabet
956 3897 1014 3941 Em.
1034 3896 1084 3942 Pro
1104 3895 1193 3958 cuique

138 3981 190 4038 trie,
206 3981 261 4044 quia
280 3983 373 4039 nescis,
387 3983 532 4041 majoremue
549 3979 641 4027 doloris
685 3980 748 4025 forte
762 3978 807 4040 leg.
824 3990 939 4039 quaeque,
953 3990 987 4021 sc.
999 3973 1103 4036 ingenia.

137 4059 179 4106 ille
195 4059 335 4108 vindicandi
352 4077 383 4107 an
404 4060 485 4122 gratia
507 4057 642 4119 quaeremtae
723 4060 745 4102 8.
771 4054 900 4102 Inclinavit
921 4052 1050 4107 sententia,
1073 4053 1191 4101 itnirrrsos
