2768 4574
183 318 302 430 32:333:
339 324 433 405 tin.
460 338 643 405 xxviii.
670 340 774 405 cir.
801 338 899 406 xii.
923 340 1042 408 xcii.
1140 339 1209 423 425

155 459 414 547 «acciderunt,
425 458 591 530 accidere
607 457 779 556 possunt)
793 472 830 527 et
842 459 958 527 victor
968 457 1148 531 Hannibal
1159 462 1210 533 ire

156 600 172 634 a
186 570 231 641 ad
237 568 375 641 Urbem
386 584 529 668 pergat3
544 584 623 639 tum
632 567 779 638 demum
789 581 826 650 te
835 567 1021 638 consulem
1031 593 1073 639 ex
1081 567 1210 666 Africa,

156 712 173 747 α
185 683 278 753 sicut
293 684 337 772 Q.
348 681 514 753 Fulvium
524 704 545 749 a
555 674 709 777 Capua⁶,
724 677 965 748 arccssemus?
979 677 1093 765 Quid,
1111 680 1212 776 quod

156 822 171 855 «
186 795 227 865 in
238 789 357 863 Africa
374 815 522 887 quoque
535 794 632 861 Mars
651 789 852 861 communis
866 785 952 858 belli
969 789 1058 858 erit?
1073 793 1215 861 Domus

156 931 173 969 a
186 901 252 973 tibi
270 918 348 989 tua,
367 915 470 999 pater
490 915 733 998 patruusque,
752 900 845 970 intra
864 898 1010 994 triginta
1034 897 1110 968 dies
1127 922 1210 969 cum

155 1010 402 1084 «exercitibus
423 1013 521 1099 caesi,
548 1011 767 1082 documento
786 1010 877 1096 sint3
901 1007 967 1079 ubi
988 1033 1054 1106 per
1074 1008 1212 1105 aliquot

155 1146 318 1208 «annos,
337 1122 500 1191 maximis
516 1120 626 1192 rebus
643 1135 738 1192 terra
755 1121 916 1216 marique
932 1119 1116 1215 gerendis,
1133 1143 1211 1189 am-

155 1262 171 1295 «
184 1231 384 1327 plissimum
395 1255 530 1301 nomen
541 1229 638 1328 apud
649 1247 789 1302 exteras
798 1245 923 1327 gentes
935 1229 1063 1329 populi
1072 1231 1211 1304 romani

155 1370 171 1405 a
183 1357 382 1438 vestraeque
394 1341 535 1412 familiae
547 1339 716 1412 fecerant.
726 1343 812 1412 Dies
822 1363 880 1413 me
893 1340 1054 1424 deficiat,
1067 1344 1097 1411 si
1108 1364 1212 1437 reges

154 1452 510 1551 «imperatoresque,
525 1466 660 1525 temere
674 1455 713 1521 in
722 1452 882 1523 hostium
896 1466 1008 1522 terras
1018 1467 1212 1548 transgres-

155 1586 243 1632 «sos
259 1587 343 1649 cum
362 1565 523 1634 maximis
541 1560 701 1633 cladibus
719 1563 791 1632 suis
807 1562 1103 1658 exercituumque
1125 1583 1210 1631 soo-

155 1696 286 1760 «rum,
305 1698 494 1745 numerare
511 1673 631 1744 velim.
652 1670 910 1755 Athenienses,
933 1669 1211 1766 prudentissima

155 1784 324 1870 «civitas,
347 1783 444 1855 bello
462 1785 561 1855 dorni
581 1783 742 1868 relict07,
764 1797 911 1854 auctore
933 1806 1034 1877 aeque
1055 1782 1210 1878 impigro

156 1918 227 1965 «ac
250 1893 366 1964 nobili
384 1896 535 1990 juvene,
561 1918 691 1992 magna
715 1894 825 1964 classe
849 1894 887 1962 in
913 1893 1065 1963 Siciliam
1091 1907 1208 1961 trans-

155 2003 312 2093 «missa,
338 2029 408 2074 una
440 2003 554 2074 navali
581 2028 703 2101 pugna
728 2001 918 2074 florentem
947 2000 1209 2099 rempublicam

156 2139 173 2174 a
186 2134 287 2180 suam
303 2113 341 2181 in
361 2127 577 2210 perpetuum
602 2112 819 2199 afflixerunt.

203 2226 310 2293 XLII.
343 2229 532 2295 «Externa
562 2240 598 2294 et
627 2226 733 2294 nimis
757 2227 905 2321 antiqua
929 2238 1065 2321 repeto.
1092 2220 1209 2294 Africa

156 2361 172 2396 a
187 2331 311 2404 eadem
328 2335 409 2422 ista,
425 2349 461 2405 et
472 2339 519 2404 M.
531 2335 676 2423 Atilius,
691 2337 829 2433 insigne
847 2336 1037 2432 utriusque
1054 2332 1210 2405 fortunae

155 2471 172 2505 ι(
185 2443 423 2541 exemptum,
441 2445 548 2516 nobis
564 2446 784 2517 documento
803 2448 885 2517 sint.
902 2450 964 2518 Nae
979 2443 1061 2532 tibi,
1078 2450 1115 2514 P.
1127 2448 1211 2514 Cor·

155 2551 274 2639 «oeli,
299 2580 414 2652 quum
438 2583 482 2627 ex
506 2558 579 2628 alto
598 2557 752 2649 Africam
773 2558 1019 2654 conspexeris,
1043 2554 1151 2626 ludus
1173 2568 1209 2625 et

154 2689 170 2723 ι(
181 2660 286 2754 jocus
307 2663 416 2736 fuisse
432 2669 609 2764 Hispaniae
632 2685 702 2739 tuae
719 2668 972 2739 videbuntur2.
993 2665 1090 2756 Quid
1110 2665 1208 2736 enim

154 2799 171 2834 α
184 2771 317 2843 simile?
331 2791 458 2871 pacato
470 2780 560 2849 mari
574 2795 705 2876 praeter
715 2802 815 2849 oram
826 2778 935 2847 Italiae
945 2775 1141 2871 Galliaeque
1150 2799 1208 2844 ve·

190 2973 214 3020 6.
226 2971 292 3020 Sicut
303 2975 331 3037 Q.
343 2976 451 3023 Fulvium
463 2994 480 3025 a
495 2978 580 3041 Capua
584 2996 594 3035 ,·
608 2979 659 3027 vid.
703 2979 781 3028 NIoia.
795 3006 831 3016 -
839 2978 902 3026 Vide
915 2993 1011 3042 quoque
1025 2977 1118 3024 extmiae
1131 2974 1210 3023 erudi·

155 3052 257 3110 XXVI,
272 3054 347 3111 8.,-
364 3056 432 3102 Mars
452 3057 584 3104 communis
603 3059 661 3107 belli
702 3059 777 3106 tlonIs
785 3060 913 3122 magnique
921 3057 1012 3121 ingenii
1021 3071 1083 3121 opus
1092 3057 1209 3103 nostratis

156 3129 215 3187 erin
224 3130 280 3178 vide
292 3131 323 3179 ad
331 3133 363 3191 V,
377 3149 405 3180 ta
415 3167 422 3192 ,
432 3151 458 3181 n.
468 3149 491 3180 1.
703 3136 862 3194 danielem,
871 3139 968 3200 Voyage
975 3133 1159 3191 d'Anacliarsir,
1171 3136 1210 3181 In·

190 3225 214 3270 7.
224 3208 392 3268 Athenienses,
401 3212 592 3276 prudentissima
602 3215 659 3262 civi·
703 3215 853 3272 troductr‘on,
868 3226 931 3279 port.
942 3216 981 3272 11,
992 3226 1051 3262 sect.
1062 3215 1085 3262 3.
1102 3214 1147 3261 En.

155 3299 205 3344 tas,
221 3289 281 3336 bello
291 3289 358 3337 domi
366 3291 462 3349 relicto,
480 3293 659 3357 Peloponnesio
737 3295 798 3343 Cir.
811 3295 889 3341 XLII.
902 3309 923 3340 1.
938 3294 972 3339 M.
987 3293 1076 3340 Atilius
1088 3290 1210 3355 Regulus,

153 3364 234 3413 adhuc
253 3366 382 3430 flagrante,
399 3387 448 3434 quo
464 3371 511 3436 ipsi
528 3372 659 3435 plurimum
702 3368 794 3438 insigne
806 3369 1042 3436 utriusquefirrtunoe
1053 3371 1210 3434 exemplam,-

154 3443 336 3508 affligebantur,
349 3461 449 3497 auctore
466 3467 535 3513 ecque
555 3451 658 3516 impigro
701 3453 767 3500 conl.
784 3452 816 3498 ad
829 3452 929 3509 sttvt,
946 3450 1072 3510 raa-5503
1085 3449 1173 3513 Polyb.
1184 3450 1210 3507 1,

154 3539 185 3569 ae
198 3526 275 3573 nobili
285 3527 384 3590 juvene,
398 3530 541 3589 AlcibIade,
554 3533 658 3595 Syracu·
703 3531 803 3588 att-34,
816 3531 846 3578 al.
1231 3542 1233 3547 ’

153 3604 217 3650 sanis
233 3615 295 3652 terra
312 3610 419 3672 marique
437 3609 527 3656 bellum
542 3611 659 3671 intulere,
737 3625 762 3658 a.
781 3609 863 3656 Ludus
878 3621 901 3656 ec
908 3609 980 3674 jocus
991 3605 1070 3672 foisse
1083 3606 1210 3670 Hispania

154 3680 257 3730 ducibus
267 3687 564 3746 Demosthene‚NicIaao
576 3691 660 3737 hma-
703 3701 751 3736 tuce
767 3688 928 3744 videbuntur,
951 3687 977 3741 ¹li.
999 3702 1019 3733 e.
1037 3702 1117 3732 earum
1133 3701 1211 3749 expu-

153 3759 249 3819 0110,οῑ
262 3780 276 3810 ³
290 3764 400 3829 Gylippo
415 3769 535 3831 Spartano
548 3768 586 3816 bis
599 3771 658 3816 victi
703 3769 786 3830 gnatio
803 3767 931 3824 facillima,
943 3780 982 3813 res
1004 3765 1072 3812 nullo
1088 3764 1173 3812 labore
1186 3775 1212 3813 et

154 3855 237 3887 omnes
245 3841 374 3890 serenares
381 3845 539 3909 hominesque
546 3849 657 3906 amisum
702 3848 796 3910 quasia
808 3845 906 3892 ludente
918 3844 958 3911 (nl.
964 3861 1013 3908 per
1021 3843 1103 3890 ludum
1114 3855 1138 3891 et
1150 3860 1211 3893 mox

155 3919 203 3967 vid.
212 3920 275 3985 Nep.
282 3921 363 3970 Alcih.
372 3923 399 3981 ὃς
409 3924 573 3989 TbuedeI,
584 3926 614 3973 15
621 3943 657 3989 sq.
697 3942 745 3990 per
757 3942 874 3972 summum
884 3922 976 3987 otium)
985 3921 1135 3988 perficienda
1144 3927 1212 3986 (nur

154 4000 217 4059 VII,
234 4016 248 4046 a
268 4017 305 4064 sq.
320 4002 411 4050 lustin.
423 4004 468 4062 IV,
485 4005 541 4064 &53
556 4006 657 4052 Diodor.
702 4005 741 4052 ein
759 4005 862 4067 Spass),
878 4005 898 4050 si
916 4018 972 4050 eum
985 4003 1075 4051 Africae
1086 4020 1208 4069 expugna·

154 4079 231 4136 XIII,
242 4096 254 4139 7
268 4097 303 4144 sq.
316 4080 367 4128 Cio.
376 4081 446 4129 Verr.
454 4083 486 4140 V,
499 4084 547 4142 373
558 4084 621 4132 Plut.
632 4085 659 4130 io
702 4084 769 4131 tione
780 4094 942 4147 comparetur.
955 4083 994 4133 Cl.
1006 4083 1124 4131 Schellori
1133 4087 1191 4131 Lex.
