2768 4574
209 314 214 324 ·
253 301 319 385 ·²;‘;
411 307 563 375 muna
593 307 736 375 xxvi.
764 308 868 378 oar.
896 310 973 376 xn.
1161 256 1239 403 195'

163 429 458 526 compositusque
477 428 530 497 rei
549 425 714 522 gerendae
733 425 884 515 modus,
903 442 1047 525 portam
1065 426 1111 498 ad
1129 453 1230 501 mare

163 537 340 609 serentem
354 537 519 611 Numidae
533 561 648 634 quum
662 551 921 633 occupassent,
940 536 1052 635 pulsis
1071 537 1156 610 inde
1174 564 1231 611 cu-

163 647 327 721 stodibus
353 664 416 720 aut
434 650 551 734 caesis,
569 652 753 718 Romanos
777 646 822 717 ad
843 646 880 717 id
905 649 1024 745 ipsum
1043 649 1172 719 missos
1190 651 1231 720 in

162 759 293 831 urbem
306 774 532 858 acceperunt.
551 762 594 827 Et
609 783 724 854 quum
738 759 880 854 agmine
896 758 1023 852 jamin
1039 758 1158 830 media
1171 787 1231 832 ur·

161 865 241 937 bist
255 892 296 938 ac
310 865 432 938 forum
444 892 576 963 magno
590 865 751 936 tumultu
765 869 894 955 iretur,
904 882 1004 938 ratus
1011 874 1230 943 Hannonon

161 977 279 1065 aliud,
298 1003 410 1074 quam
427 976 627 1048 tumultum
645 1002 686 1048 ac
705 979 969 1049 successionem
990 978 1050 1074 (id
1070 980 1173 1076 quod
1193 997 1230 1052 et

162 1103 246 1158 ante
264 1088 464 1183 acciderat)
479 1087 717 1160 Numidarum
736 1113 832 1176 esse,
852 1089 899 1159 ad
917 1091 1229 1186 comprimendam

163 1196 378 1269 seditionem
397 1201 581 1296 processit.
602 1202 722 1297 Atque
741 1200 822 1288 itte,
842 1225 957 1296 quum
979 1201 1011 1271 ei
1031 1201 1229 1273 multitudo
1286 1257 1289 1262 .

161 1308 293 1401 major,
311 1334 420 1406 quam
437 1308 694 1397 Numidarum,
715 1310 844 1407 procul
859 1312 950 1394 visa,
968 1325 1004 1382 et
1021 1310 1159 1382 clamor
1172 1338 1228 1384 ro-

161 1441 290 1489 manus
313 1419 598 1518 haudquaquam
622 1423 767 1518 ignotus
793 1421 837 1492 ad
865 1418 996 1492 aures5
1021 1421 1228 1514 accidisset,

161 1529 261 1625 prius
281 1555 391 1626 quam
406 1531 452 1601 ad
469 1533 582 1602 ictum
602 1532 665 1601 teli
678 1533 832 1619 veniret,
848 1532 1000 1630 capessit
1014 1529 1149 1630 fugam.
1163 1539 1230 1605 Per

161 1666 320 1714 aversam
339 1659 482 1742 portam
502 1645 674 1731 emissus,
693 1658 878 1742 assumpto
897 1643 1028 1717 comite
1048 1643 1228 1741 Epicyde,

161 1778 244 1823 cum
268 1756 392 1852 paucis
417 1753 462 1834 ad
489 1779 588 1825 mare
612 1755 800 1851 pervenit,
825 1755 995 1849 nactique
1019 1767 1229 1849 opportune

159 1887 311 1960 parvum
327 1866 528 1961 navigium,
546 1865 670 1935 relicta
683 1862 850 1934 hostibus
865 1863 999 1950 Sicilia,
1015 1861 1060 1933 de
1076 1887 1148 1958 qua
1164 1889 1229 1960 per

160 1986 215 2043 tot
233 1998 348 2044 armos
368 1988 544 2044 certatum
561 1990 655 2062 erat,
674 1975 712 2043 in
728 1971 883 2045 Africam
900 1972 1132 2067 trajecerunt.
1153 1975 1230 2046 Alia

160 2083 357 2155 multitudo
376 2077 575 2156 Poenorum
599 2084 899 2181 Siculorumque,
920 2110 967 2156 ne
986 2097 1125 2156 tentato
1145 2087 1233 2180 qui-.
1279 2134 1286 2146 -

159 2193 242 2264 dem
258 2196 470 2284 certamine,
486 2222 601 2293 quum
619 2197 701 2268 caeci
718 2197 756 2267 in
776 2196 897 2294 fugam
914 2211 1079 2282 ruerent,
1100 2195 1228 2289 clausi-

159 2331 232 2403 que
254 2309 371 2378 exitus
390 2322 529 2394 essent,
545 2309 638 2380 circa
656 2323 779 2406 portas
795 2310 894 2379 caesa.
913 2307 1060 2405 Oppido
1078 2319 1227 2403 recepto

158 2418 343 2505 Laevinus,
358 2420 421 2514 qui
439 2421 556 2516 capita
569 2445 693 2490 rerum
705 2420 890 2518 Agrigenti
906 2431 1027 2504 erant,
1045 2417 1153 2512 virgis
1170 2439 1228 2485 cae-

159 2551 217 2596 sos
240 2529 357 2598 securi
379 2531 557 2626 percussit
579 2557 587 2598 :
611 2545 762 2601 caeteros
784 2528 1018 2626 praedamque
1035 2524 1227 2596 vendidit:

119 2645 121 2650 ’
159 2659 306 2706 omnem
321 2637 1228 2735 pecuniamRomammisitFamaAgrigentinorum

158 2741 268 2817 cladis
290 2748 445 2817 Siciliam
470 2775 585 2845 quum
609 2753 843 2847 pervasisset,
864 2750 989 2818 omnia
1006 2760 1158 2844 repente
1181 2745 1227 2816 ad

157 2862 340 2928 Romanos
357 2858 632 2930 inclinaverunt.
653 2860 798 2930 Prodita
814 2858 917 2929 brevi
932 2871 1016 2928 sunt
1024 2857 1152 2954 viginti
1167 2880 1229 2953 op-

158 2965 259 3063 pida;
279 2992 341 3037 sex
360 2968 396 3034 vi
414 2982 536 3065 capta3
556 2968 758 3040 voluntaria
775 2968 960 3040 deditione
979 2969 1015 3036 in
1033 2966 1144 3038 fidem
1163 2992 1227 3038 ve-

155 3077 345 3149 neruntad
355 3079 986 3176 quadraginta:quarumcivitatium
1000 3076 1226 3175 principibus
1280 3176 1282 3180 Ι

158 3213 271 3284 quum
292 3213 359 3285 pro
377 3188 555 3287 cujusque
576 3191 707 3258 merito
726 3187 854 3259 consul
870 3184 1010 3286 pretia⁶
1026 3212 1228 3285 poenasque

158 3297 376 3384 exsolvisset,
389 3300 637 3396 coegissetque
648 3298 797 3386 Siculos,
808 3299 934 3395 positis
943 3298 1091 3368 tandem
1101 3300 1227 3386 armis,

158 3406 204 3474 ad
219 3431 345 3504 agrum
363 3409 560 3480 colendum
574 3410 714 3480 animos
733 3421 963 3496 convertere,
980 3422 1021 3477 ut
1040 3423 1134 3479 esset
1150 3433 1228 3478 non

158 3518 360 3612 incolarum
377 3520 489 3592 modo
506 3522 685 3593 alimentis
705 3518 878 3618 frugifera
892 3521 1027 3609 insula,
1046 3519 1110 3590 sed
1127 3518 1229 3590 urbis

193 3693 218 3740 4.
233 3687 263 3730 In
278 3687 359 3734 media
372 3689 450 3747 urbis,
465 3691 517 3738 scil.
529 3692 597 3752 loca3
612 3691 669 3740 vide
713 3689 776 3737 bene
797 3689 900 3748 dicitur,
919 3705 971 3736 non
993 3688 1030 3735 ad
1048 3688 1137 3744 ictum,·
1152 3687 1228 3735 Drak.

157 3764 188 3810 ad
200 3763 324 3811 Drakenb.
713 3770 752 3818 CI.
764 3769 796 3816 ad
815 3770 906 3816 librum
924 3770 1023 3826 XLIII,
1038 3784 1093 3832 cap.
1108 3783 1151 3825 10,
1164 3784 1191 3813 n.
1202 3775 1227 3822 4.

194 3844 220 3890 5.
232 3843 275 3890 Ad
283 3860 354 3892 aures
363 3846 608 3906 accidissetclamor;
617 3849 668 3897 vid.
749 3851 773 3896 6.
789 3849 873 3894 Pretio
884 3863 1021 3912 paruasque
1027 3882 1036 3904 ,
1056 3847 1156 3910 quidam
1169 3845 1228 3893 libri

157 3924 189 3970 ad
200 3927 277 3983 XXI,
296 3940 341 3983 ro,
353 3942 378 3972 n.
390 3925 430 3972 15.
443 3954 478 3962 -
489 3927 534 3973 Ad
541 3928 615 3975 ictum
626 3929 669 3976 teli
713 3939 772 3976 vett.
781 3927 889 3991 prumia
902 3944 929 3991 p.
946 3927 1018 3974 Cous.
1032 3926 1108 3974 Drek.
1126 3953 1162 3962 —
1179 3924 1230 3972 Sed

156 4003 261 4057 ueniret,
271 4004 333 4052 forte
346 4020 401 4051 cum
411 4004 487 4052 Periz.
494 4005 623 4069 legendum
633 4007 671 4054 ad
713 4007 779 4055 urbis
787 4009 1041 4055 domm...cmnonam
1055 4006 1158 4062 levarm
1169 4004 1227 4052 vide

150 4083 248 4146 jactum
263 4100 271 4130 :
287 4099 344 4132 nam
361 4084 405 4132 sub
428 4083 502 4133 ictum
523 4084 566 4133 reti
583 4084 669 4134 venire
700 4085 745 4153 ‘ad
761 4088 786 4145 Ι,
803 4094 849 4149 4ο,
864 4103 889 4136 n.
904 4101 931 4147 1,
946 4097 971 4134 et
984 4087 1024 4144 11,
1037 4085 1086 4145 34,
1098 4101 1124 4133 ιι.
1137 4099 1177 4131 ιο.
1190 4109 1226 4121 -

990 4170 1048 4240 13.

856 4283 862 4313 l
