2768 4574
189 287 309 394 ttae:
447 297 744 368 ursusxxv.
773 299 943 368 caru.
1183 297 1225 370 15
1320 308 1324 315 ’

160 426 354 498 certamine
372 425 557 520 petierunt
577 447 584 489 :
603 423 647 510 Q.
666 419 812 489 Fulvius
831 419 976 491 Flaccus
997 420 1141 508 consul,
1162 407 1226 518 qui

161 551 197 607 et
215 550 298 606 ante
316 531 372 603 bis
389 529 515 601 consul
531 544 566 599 et
580 554 709 600 censor
722 527 854 616 fuerat;
870 545 906 600 et
920 535 958 616 T.
975 531 1129 601 Manlius
1144 535 1228 602 Tor·

160 663 309 745 quotus,
329 645 460 740 etipse
484 641 630 714 duobus
649 639 895 712 consulatibus
916 655 950 711 et
972 666 1122 712 censura
1139 644 1228 712 insiss

160 759 257 855 gnis3
271 771 305 827 et
317 759 352 826 P.
366 753 525 823 Licinius
538 757 704 839 Crassus,
722 753 786 847 qui
798 766 834 822 et
846 750 1048 822 aedilitatem
1064 754 1228 823 curulem

159 867 339 962 petiturus
360 877 447 934 erat.
468 863 533 932 Hic
552 885 656 932 senes
676 860 949 958 honoratosque
965 862 1108 956 juvenis
1127 865 1165 933 in
1183 889 1227 935 eo

160 977 355 1046 certamine
369 974 464 1044 vicit.
482 975 575 1042 Ante
591 970 710 1059 hunc,
725 973 820 1042 intra
836 985 983 1041 centum
998 962 1112 1045 ainnos
1127 986 1163 1043 et
1176 975 1227 1042 vi*

160 1085 267 1180 giuti,
289 1108 398 1154 nemo
416 1086 600 1180 praeterP.
625 1082 838 1152 Cornelium
861 1081 1045 1152 Calussam
1056 1093 1083 1169 ²,
1106 1086 1227 1180 ponti·

160 1193 229 1264 fex
236 1196 413 1266 maximus
432 1207 573 1262 creatus
595 1189 819 1289 fuerat,qu1
809 1191 925 1262 sella
942 1191 1058 1261 curuli
1074 1215 1151 1261 non
1172 1219 1229 1263 se-

160 1304 280 1375 disset.
312 1288 488 1375 Consules
514 1326 629 1397 quum
657 1326 749 1398 aegre
779 1301 960 1372 delectum
987 1299 1227 1395 conficerent,

161 1413 287 1511 quod
278 1415 398 1510 Inopia
415 1413 603 1507 juniorum
621 1437 697 1482 non
715 1411 848 1482 facile
840 1439 878 1482 m
896 1427 1111 1510 utrumque,
1131 1429 1172 1485 ut
1193 1415 1229 1487 et

146 1550 263 1625 *novae
288 1524 434 1595 urbana
458 1523 641 1620 legiones,
664 1538 699 1593 et
725 1521 1023 1620 supplementum
1046 1517 1229 1598 veteribus

160 1634 395 1735 scriberetur,
411 1631 630 1721 sufficiebat,
650 1648 796 1703 senatus
815 1633 984 1704 absistere
1006 1660 1065 1705 eos
1091 1643 1230 1735 incepto

159 1749 291 1833 vetuit,
310 1761 347 1815 et
362 1750 562 1814 triumviros
587 1743 689 1814 banos
708 1752 824 1814 creari
837 1745 972 1839 jussit.
994 1745 1142 1833 alteros,
1166 1754 1240 1859 quiv

160 1848 266 1943 citra,
287 1856 433 1942 alteros,
456 1881 519 1951 qur
516 1855 635 1925 'ultra
654 1861 992 1953 quinquagesimum
1014 1855 1206 1954 lapidem
1191 1885 1228 1928 m

152 1968 440 2061 pagissorisque
462 1981 498 2034 et
516 1962 784 2036 conciliabulis³
804 1992 946 2038 omnem
966 1975 1110 2064 coptam
1129 1975 1228 2064 inge-

160 2180 198 2228 pr.
219 2180 274 2211 nam
296 2176 364 2212 erant
384 2177 435 2212 tum
457 2166 520 2210 VIII
541 2161 672 2227 pontifices
717 2173 764 2211 nus
775 2158 888 2221 proprie,
901 2157 984 2220 atiquo
997 2170 1077 2205 tamen
1096 2159 1173 2207 modo
1188 2175 1229 2207 οοΜ

159 2242 226 2308 (vide
237 2246 275 2301 X,
285 2246 301 2292 6
312 2255 335 2291 et
348 2242 394 2308 9),
406 2255 430 2291 et
442 2259 472 2290 ex
483 2243 522 2289 his
536 2258 599 2288 unus
611 2256 672 2305 pon-
716 2236 784 2282 Initia
796 2236 837 2282 illa
843 2236 957 2283 habuisse
964 2236 1012 2283 «liei
1022 2248 1130 2301 possent.
1140 2239 1185 2286 En.
1193 2267 1228 2275 -

159 2324 220 2370 tifex
232 2335 296 2371 max,
309 2338 315 2370 :
329 2339 378 2386 quo
389 2333 499 2378 mortuo,
513 2321 618 2384 primum
628 2336 672 2367 no·
718 2315 746 2375 Q.
758 2315 853 2363 Fulvius
862 2316 963 2362 Flaccus
975 2326 998 2362 et
1012 2318 1037 2363 T.
1049 2318 1157 2365 Manlius
1170 2321 1229 2366 Tor-

107 2426 109 2435 =
160 2397 204 2447 vus
216 2402 329 2465 pontifex
343 2401 505 2464 cooptabatur
524 2399 553 2465 (a
567 2399 671 2462 collegio
716 2405 804 2456 quotus
817 2395 890 2442 etiam
902 2393 1033 2458 pontifices
1044 2407 1119 2446 erant.
1134 2400 1171 2445 De
1184 2398 1227 2446 illo

159 2477 529 2544 pontificumladsnpplendum
542 2478 671 2541 collegium
715 2473 772 2520 vide
794 2476 899 2533 XXIII,
925 2489 971 2533 213
992 2474 1022 2521 dc
1043 2476 1187 2525 hocLivius
1200 2479 1226 2525 id

160 2569 184 2604 et
194 2575 322 2605 numerum
334 2560 396 2606 VIII
410 2556 556 2622 pontificum
569 2571 575 2604 :
589 2574 620 2604 ex
632 2556 671 2604 his
715 2553 779 2600 forte
793 2553 894 2600 tradidit
902 2553 929 2599 in
938 2553 1007 2601 libris
1020 2554 1162 2618 deperditis.

160 2652 218 2682 vero
228 2638 290 2683 VIII
304 2636 392 2683 deinde
404 2653 467 2683 unus
479 2636 585 2683 comitiis
596 2628 672 2683 tribn-
751 2647 775 2678 2.
795 2634 823 2677 P.
846 2632 981 2680 Cornelium
1002 2633 1144 2694 Calussam,
1162 2639 1227 2685 forte

160 2714 191 2760 Iis
209 2715 322 2777 pontifex
339 2731 402 2761 max.
418 2715 557 2772 creabatur;
577 2715 670 2762 Duker.
715 2710 762 2774 leg.
777 2711 905 2759 Ccesullam
918 2726 974 2757 cum
983 2712 1059 2760 Gron.
1075 2713 1124 2779 (ex
1135 2718 1205 2763 Festo
1221 2732 1227 2764 z

160 2792 197 2839 CI.
209 2807 262 2856 cap.
269 2809 283 2838 n
294 2827 300 2850 ‚
310 2793 341 2839 ad
348 2795 398 2849 III,
409 2793 455 2850 54,
465 2810 490 2840 n.
499 2809 512 2839 ι
521 2809 528 2850 ;
538 2795 669 2856 XXXIX,
714 2789 815 2837 Basilice
828 2805 845 2834 a
858 2789 921 2836 ravis
931 2791 1015 2848 oculis,
1024 2794 1228 2855 quemadmodum

160 2870 193 2925 46
201 2887 239 2934 pr.
248 2886 255 2928 3
264 2873 318 2928 XL,
328 2879 359 2926 4²
369 2887 376 2927 ;
390 2871 481 2918 Gruch.
493 2870 524 2919 de
533 2872 623 2920 Comit.
631 2874 670 2933 ΙΙ,
716 2886 733 2915 a
742 2867 819 2919 caesiis
828 2867 951 2934 caesutloe)
961 2871 999 2916 vel
1008 2871 1228 2936 potiusScapqum

160 2965 174 2995 a
189 2960 214 2997 et
228 2949 257 3008 33
273 2949 357 2997 Naris.
371 2948 403 2996 ad
413 2950 500 2997 Cenot.
513 2951 562 2999 Pis.
576 2950 634 2997 diss.
644 2955 672 3009 Ι,
716 2965 772 2995 oum
788 2948 872 3011 Sigon.
894 2948 984 2996 Confer
994 2951 1069 3007 VIII,
1089 2966 1121 2997 nn
1142 2968 1180 3014 pr.
1202 2964 1229 3000 et

160 3043 213 3092 cap.
223 3027 392 3093 5.·Cooptatio
403 3027 444 3074 illa
455 3027 548 3075 sublata
559 3046 598 3075 an.
609 3030 671 3077 Urb.
715 3027 786 3090 Pigh.
800 3026 826 3072 in
835 3029 901 3074 Ann.
916 3028 947 3074 ad
960 3044 1000 3075 an.
1015 3029 1077 3087 425,
1097 3045 1152 3093 pag.
1167 3031 1226 3090 337.

160 3107 232 3154 cond.
254 3108 321 3168 649,
346 3106 399 3170 lege
421 3106 545 3165 Domitis3
565 3107 671 3155 vidend
753 3107 776 3153 3.
786 3107 817 3151 In
821 3105 896 3170 pagis
898 3105 1225 3171 fhrisqueetconer'liabulis,

159 3187 263 3244 XXIII,
277 3201 323 3244 ιι,
336 3202 361 3233 n.
377 3185 400 3232 5.
413 3211 448 3220 -
461 3184 501 3230 Ea
515 3185 615 3231 comitia
627 3202 671 3232 no·
717 3185 747 3232 de
759 3184 848 3248 quibus
858 3185 934 3233 multa
941 3185 1005 3234 dixit
1012 3188 1123 3234 Donatus
1132 3187 1165 3235 sd
1171 3189 1229 3249 XL,

160 3281 200 3311 vus
208 3264 324 3330 pontifex
335 3264 438 3321 habaiu
451 3263 549 3312 vidend
559 3266 609 3321 III,
626 3265 672 3329 54,
719 3279 759 3325 19·
773 3264 838 3328 Pagi
844 3298 851 3320 ,
865 3265 930 3323 vici,
944 3282 1029 3330 propr.
1044 3267 1071 3313 in
1084 3266 1146 3314 locis
1158 3283 1229 3315 mon-

160 3359 185 3389 n.
198 3359 223 3390 n.
234 3371 269 3379 -
280 3344 391 3392 Gravius
404 3343 493 3389 horum
506 3343 570 3390 Livii
583 3343 673 3390 verbo·
717 3344 780 3390 tanis
790 3344 891 3407 ipsaque
901 3355 985 3392 natura
998 3345 1112 3404 munitis,
1126 3363 1180 3409 quar
1191 3349 1229 3396 vel

159 3436 214 3467 rum
222 3421 288 3469 hunc
299 3439 350 3469 essc
360 3438 458 3469 sensum
467 3433 552 3485 putat,
564 3422 630 3471 Prol,
640 3422 672 3469 ad
716 3422 797 3468 Numa
809 3424 847 3470 vel
855 3423 953 3471 Servius
960 3423 1054 3470 Tullius
1063 3423 1129 3490 (nam
1137 3438 1232 3491 utrumq

160 3501 231 3548 Thes.
243 3503 302 3549 Ant.
312 3505 384 3550 Rom.
399 3504 498 3560 tom.V,
511 3513 538 3550 ut
550 3502 673 3565 Cethegus
717 3517 764 3562 que
778 3502 852 3550 tradit
865 3503 940 3550 Dion.
952 3505 976 3550 II
983 3518 1058 3566 ,pag.
1074 3504 1136 3563 ι35,
1149 3516 1174 3552 et
1183 3508 1228 3566 Iv

160 3578 257 3640 collegii
275 3580 421 3642 pontificum
442 3582 542 3628 nomIne
560 3581 672 3644 petlerit,
718 3596 774 3644 pag.
788 3597 852 3640 220,
874 3580 912 3628 ed.
934 3581 1003 3645 sbe.
1010 3581 1019 3644 )
1038 3584 1164 3647 perfugia
1161 3586 1229 3634 fecit

159 3667 187 3703 ut
199 3658 297 3703 comitIa
307 3658 461 3706 haberentur.
473 3659 521 3705 Sed
530 3659 674 3707 verbanno
718 3660 816 3707 rusticis
826 3672 850 3708 et
861 3660 955 3728 πάγους
967 3659 1063 3726 (colles)
1075 3663 1147 3711 dixit.
1158 3665 1230 3713 Conf
1235 3685 1237 3688 ⁴

160 3735 252 3797 ahquid
263 3736 366 3799 amphus
378 3739 501 3801 postulare
515 3750 598 3786 censet
613 3740 674 3787 Cre·
718 3739 750 3785 ad
762 3741 865 3796 XXXI,
879 3740 926 3796 3ο,
940 3755 965 3785 n.
977 3740 1005 3798 3,
1025 3752 1050 3788 et
1060 3743 1156 3790 Ernesti
1168 3744 1229 3791 clav

159 3815 248 3864 verius.
260 3817 392 3863 Fortasse
386 3834 411 3863 m
424 3817 591 3865 illIseomitiis
598 3835 674 3881 ,quae
720 3818 772 3867 Cic.
783 3816 1178 3886 Foraoppidulnfflarktflecken)
1189 3823 1232 3869 uhi

157 3893 271 3959 pontifici
292 3911 357 3943 max.
381 3896 486 3943 creando
505 3896 673 3955 habebantur,
720 3895 1231 3960 statisdiebushabebanturnundinaejus-

158 3974 313 4038 fuitaliquod
322 3973 575 4037 pontificummunns,
583 3976 675 4040 aliquid
721 3991 768 4038 que
791 3973 928 4032 dicebatur,
946 3976 1015 4023 verbi
1035 3994 1122 4036 causa,
1141 3981 1231 4026 Forum

159 4052 189 4099 ab
201 4053 261 4118 ipsis
273 4053 454 4118 peragendum,
467 4066 510 4114 ut,
524 4055 618 4102 etlamsi
630 4055 686 4107 mia
723 4053 811 4117 Appii,
828 4052 901 4110 Livii,
917 4054 989 4111 Julr'i,
1007 4066 1052 4103 etc.
1066 4057 1156 4104 Confer
1170 4059 1242 4125 Dotsj
