2768 4574
168 291 294 397 tatu:
358 308 508 381 sinan
540 307 681 375 xxvi.
710 307 816 374 car.
843 309 1025 376 xxxix.
1139 328 1201 404 191

142 433 299 504 illustris.
315 430 435 499 Primo
457 428 621 525 quinque
636 451 766 515 naves,
783 452 936 524 quarum
955 430 1122 500 maximae
1132 430 1209 500 duae

143 543 307 613 triremes
327 536 530 620 aMarcello
544 539 578 606 ei
597 536 734 607 traditae
753 552 874 623 erant,
893 537 1044 610 habuit²
1060 568 1067 610 :
1084 555 1209 639 postea

145 675 223 751 rem
238 650 391 746 impigre
409 671 500 744 saepe
517 649 657 744 gerenti
672 662 746 718 tres
762 647 891 718 additae
905 651 1208 747 quinqueremes:

146 777 341 860 postremo·
355 762 453 857 ipse,
478 784 497 829 a
522 759 625 828 sociis
648 758 892 856 Rheginisque
913 774 949 830 et
972 785 992 830 a
1010 761 1111 833 Velia
1132 778 1168 834 et
1190 788 1212 834 a

57 952 62 960 ¹
145 879 259 945 Paesto
275 871 417 942 debitas
428 895 472 940 ex
485 868 620 940 foedere
635 869 832 966 exigendo,
847 869 994 942 classem
1008 873 1134 970 viginti
1147 899 1212 944 na-

146 985 266 1070 vium,
286 983 378 1052 sicut
396 993 479 1050 ante
498 978 637 1049 dictum
655 995 729 1068 est,
749 977 879 1061 effecit.
899 983 992 1053 Huic
1009 981 1055 1054 ab
1076 984 1213 1082 Rhegio
1313 1072 1316 1077 Ι

148 1091 317 1190 profectae
328 1089 429 1161 classi
438 1093 671 1159 Democrates
685 1114 768 1160 cnm
783 1091 861 1187 pari
876 1088 985 1162 classe
1000 1095 1146 1164 navium
1161 1109 1213 1166 ta·

149 1205 371 1274 rentinarum
388 1224 541 1270 numero
549 1194 576 1286 ³,
589 1198 797 1295 quindecim
812 1199 923 1271 millia
937 1198 1050 1273 ferme
1064 1201 1110 1274 ab
1122 1203 1214 1278 urbe

79 1405 81 1411 Ι
150 1312 196 1382 ad
214 1311 463 1409 Sacriportum
482 1306 611 1380 obvius
631 1306 711 1379 fuit.
729 1310 826 1381 Velis
849 1324 927 1381 tum
945 1309 1057 1404 forte,
1076 1315 1215 1413 impro-

150 1420 254 1492 vidus
272 1418 385 1492 futuri
401 1419 627 1508 certaminis,
644 1424 829 1492 Romanus
842 1421 1020 1495 veniebat.
1038 1425 1107 1495 Sed
1125 1427 1217 1497 circa

152 1526 351 1604 Croto'nem
362 1527 598 1628 Sybarimque
612 1528 842 1626 suppleverat
856 1533 1009 1630 remigio
1025 1559 1151 1624 naves,
1165 1538 1220 1606 in·

153 1656 403 1738 structamque
416 1654 454 1711 et
466 1653 638 1710 armatam
654 1641 796 1737 egregie
812 1666 879 1739 pro
893 1644 1142 1741 magnitudine
1157 1671 1217 1720 na·

152 1755 252 1823 vium
264 1752 413 1823 classem
423 1748 600 1838 habebat3
614 1765 649 1822 et
664 1764 743 1820 tum
754 1749 848 1823 forte
859 1751 927 1824 sub
940 1754 1034 1841 idem
1049 1753 1124 1828 fere
1134 1770 1220 1827 tem·

154 1887 223 1962 pus
238 1877 275 1935 et
289 1862 393 1934 venti
405 1862 459 1931 vis
478 1860 597 1940 omnis
611 1860 760 1950 cecidit,
776 1876 812 1932 et
826 1862 949 1936 hostes
965 1844 1005 1935 irl
1023 1882 1220 1965 conspectu

155 1971 275 2061 fuere,
288 1987 330 2042 ut
345 1972 390 2042 ad
405 1970 661 2068 componenda
675 1978 919 2045 armamenta4
936 1976 1223 2074 expediendum-

156 2108 228 2180 que
247 2083 420 2180 remigem
440 2104 481 2151 ac
501 2080 651 2151 militem
666 2081 712 2151 ad
727 2083 919 2157 imminens
937 2101 1120 2159 certamen
1139 2090 1223 2160 satis

157 2192 330 2289 temporis
347 2205 451 2262 esset.
473 2195 568 2260 Raro
587 2189 671 2261 alias
686 2194 797 2264 tantis
811 2196 939 2266 animis
954 2197 1058 2291 justae
1072 2223 1222 2269 concur·

157 2314 284 2373 rerunt
298 2299 425 2374 classes
442 2327 449 2370 :
473 2301 611 2398 quippe
626 2326 740 2398 quum
756 2304 794 2374 in
806 2305 951 2399 majoris
966 2306 1157 2379 discrimen
1171 2310 1224 2380 rei

159 2433 269 2509 quam
282 2413 368 2510 ipsae
385 2423 490 2483 erant
499 2405 525 2500 ⁵,
540 2425 765 2508 pugnarent3
782 2416 988 2503 Tarentini,
1005 2430 1064 2506 ut,
1078 2442 1225 2516 recupe-

196 2667 221 2698 a.
241 2653 265 2698 A
286 2652 403 2699 Marcello
421 2651 445 2699 ei
466 2650 565 2699 traditoe
584 2663 668 2710 erant,
715 2655 796 2702 verbis
810 2667 872 2717 utar,
884 2659 1064 2723 antiquimibus
1074 2662 1227 2726 temporibus

162 2728 267 2776 habuit,-
281 2729 302 2776 si
315 2741 449 2789 constaret,
462 2746 517 2777 eum
529 2729 573 2777 hae
587 2746 672 2778 omnes
716 2727 835 2790 appellata
845 2739 893 2789 eet,
905 2746 960 2793 quae
968 2742 1053 2795 postea
1067 2732 1152 2780 Titurii
1160 2733 1226 2782 dicta

162 2807 270 2872 quinque
283 2823 358 2855 naves
372 2824 386 2855 a
400 2808 519 2856 Marcello
535 2810 673 2873 accepisse,
716 2805 772 2853 fuit.
782 2808 864 2868 Quum
873 2817 964 2869 antem,
975 2811 1058 2874 prisco
1071 2811 1115 2859 illo
1129 2813 1226 2874 Sybaris

163 2903 214 2935 non
221 2886 366 2944 dubitarem,
374 2885 532 2933 distinctione
538 2898 596 2950 poet
603 2887 674 2951 quin-
718 2884 817 2932 nomine
824 2887 874 2946 jam
887 2886 930 2934 diu
944 2898 1013 2937 antea
1022 2891 1131 2949 abolito,
1143 2884 1227 2940 Livius

165 2981 287 3030 queremes
308 2965 405 3030 posita,
426 2964 547 3028 expellere
566 2964 653 3014 habuit
665 2984 674 3014 :
719 2978 771 3009 eam
779 2963 864 3012 urbem
873 2981 947 3030 supra
956 2968 992 3026 X,
1003 2983 1032 3028 a,
1042 2981 1067 3017 et
1076 2970 1135 3017 alibi
1147 2987 1228 3020 recen·

165 3045 209 3092 sed
225 3045 283 3108 qnia
299 3045 360 3102 hoc,
373 3043 419 3092 etsi
434 3059 487 3091 non
497 3042 675 3107 improbabile,
719 3041 782 3090 tiore
797 3042 940 3092 Thuriorum
957 3047 1119 3111 appellatione
1129 3052 1230 3100 ‘vocita-

165 3137 246 3172 tamen
254 3124 373 3171 incertum
383 3133 435 3181 est,
448 3121 510 3168 nihil
519 3132 601 3183 ten103
609 3123 675 3172 nuk.
720 3121 792 3179 verit,
800 3123 859 3185 quin
866 3133 890 3171 et
897 3140 956 3171 mox
965 3124 1013 3173 hoe
1023 3127 1102 3191 capite
1112 3128 1230 3178 Thurinos

166 3229 202 3240 --
215 3202 315 3250 Debitus
333 3217 366 3248 ex
374 3199 487 3266 foedere,
507 3216 598 3259 naves,
616 3216 677 3264 quae
721 3214 854 3255 memoret.
868 3219 920 3251 vox
936 3205 1046 3266 Sybarim
1064 3220 1176 3271 suspecta
1194 3220 1231 3258 eat

167 3282 228 3330 socii
239 3281 372 3329 secundum
382 3278 678 3343 foederialegealtomanie
722 3279 793 3327 Cluv.
808 3281 861 3328 Ital.
875 3293 924 3330 ant.
939 3270 987 3340 1v‚'
1003 3284 1043 3343 13,
1058 3285 1158 3349 ejusque
1174 3287 1231 3336 loeo

167 3360 226 3408 dare
239 3360 368 3409 debebant.
722 3357 856 3406 Siberinam
874 3360 1004 3426 legendum
1021 3364 1165 3427 suspicatur.
1185 3367 1232 3416 En.

205 3440 228 3487 3.
243 3440 301 3487 Cum
308 3439 368 3502 pari
376 3439 464 3486 classe.
472 3453 605 3487 ..numera
620 3438 680 3486 Cre·
723 3463 758 3472 —
768 3437 923 3500 Suppleverat
931 3441 1031 3506 remigio
1040 3457 1126 3501 naves;
1135 3444 1193 3492 vide
1201 3445 1234 3492 ad

168 3519 249 3566 verius
260 3518 389 3565 arbitratur
400 3532 486 3565 vocem
499 3517 576 3564 classe
587 3516 628 3564 hic
640 3533 680 3564 su·
724 3515 777 3571 ΠΙ,
796 3516 835 3573 15,
849 3533 874 3564 n.
888 3520 911 3565 8.
924 3546 960 3555 -
975 3522 1106 3568 Armatam
1115 3539 1164 3586 pro
1179 3539 1233 3570 ma·

170 3596 285 3662 perfluam
295 3607 320 3644 et
331 3596 440 3643 odiosam
451 3612 511 3644 esee.
521 3596 681 3658 Ilm-Quiu-
721 3593 850 3658 gnitudr'ne
862 3597 976 3654 navium
991 3598 1048 3646 vide
1063 3600 1096 3646 ad
1112 3601 1174 3660 VII,
1188 3602 1234 3665 33,Ι

170 3675 248 3723 decim
261 3676 339 3723 miliia
343 3674 426 3740 ferme
437 3674 506 3739 (vide
521 3674 552 3721 ad
566 3675 621 3733 nt,
633 3682 680 3734 24,
725 3689 750 3720 n.
762 3688 793 3730 a,
805 3685 830 3721 et
843 3677 894 3734 lx,
908 3685 954 3735 to,
968 3694 993 3724 n.
1007 3693 1046 3726 ra.

170 3753 241 3818 rm)
257 3753 288 3800 ab
303 3754 372 3810 urbe,
384 3756 503 3812 Tarento,
517 3752 553 3800 ad
559 3753 682 3817 Sacripor·
761 3759 785 3807 4.
809 3753 854 3800 Ad
875 3757 1044 3820 componenda
1065 3772 1219 3809 armamenta
1226 3781 1236 3818 ,·

172 3846 230 3890 tum,
237 3834 388 3880 locnmainni
394 3833 516 3881 tarentino
522 3832 680 3895 adiacentem,
726 3832 782 3879 vide
793 3831 824 3878 ad
834 3834 909 3892 XXI,
923 3842 970 3896 49,
984 3851 1009 3882 n.
1019 3850 1042 3894 7.
1064 3889 1073 3908 ο

172 3925 196 3961 et
210 3928 261 3960 non
276 3912 356 3959 minus
371 3913 500 3975 ignotum,
515 3927 587 3975 quam
603 3912 682 3959 Sacri·
763 3912 786 3958 5.
799 3915 830 3959 In
843 3914 944 3978 majoris
957 3913 1147 3976 diterimen'rei,
1163 3936 1236 3983 quam

172 4003 259 4056 portus
271 3993 298 4038 in
310 3991 421 4049 Volscis,
439 3991 483 4038 ubi
496 3991 569 4038 Marii
587 3988 652 4038 filiu·
668 4007 682 4038 a
728 3990 786 4054 ipsoe
801 4002 882 4048 erant,
898 3992 951 4040 scil.
967 4009 1075 4057 magnae,
1092 3994 1118 4043 b.
1129 4013 1150 4045 e.
1165 4013 1238 4061 quam

174 4071 238 4120 Sulla
250 4069 502 4131 victua-Sybaris,
517 4079 546 4117 ut
558 4069 681 4119 Drakenla.
727 4070 767 4117 cui
788 4070 921 4120 miltitudo
942 4073 1041 4122 navium
1064 4076 1239 4140 responderet,
