2768 4574
172 299 241 371 250
397 290 401 297 “
594 304 632 371 r.
663 302 804 369 mvn
1082 278 1213 389 32:323:

169 420 284 492 fidum
302 421 495 518 respiceret
511 419 680 510 habenti,
696 445 744 492 ne
760 418 968 491 remorandi
982 419 1131 517 quidem
1150 445 1240 494 cau-

170 530 300 601 samin
319 530 420 601 ltalia
437 528 527 602 fore.
547 531 726 627 Rhegium
744 531 853 603 etiam
869 529 1040 602 nuntium
1057 531 1169 603 mittit
1191 532 1240 603 ad

170 636 379 738 praelectum
390 639 561 737 praesidii,
578 640 677 737 quod
690 639 736 711 ab
746 640 889 711 Laevino
904 639 1053 713 consule
1065 640 1242 713 adversus

169 751 328 822 Bruttios
341 749 393 821 ibi
407 751 564 823 locatum
575 765 666 839 erat,
682 765 765 822 octo
777 749 888 824 millia
900 749 1114 821 hominum²
1127 777 1136 820 ε
1150 775 1242 848 pars

169 861 324 937 maxima
340 858 386 930 ab
401 861 607 958 Agathyrna
626 863 740 958 (sicut
753 875 858 934 antea
877 859 1015 933 dictum
1030 860 1106 957 est)
1121 886 1166 934 ex
1179 864 1240 933 si-

169 969 249 1042 cilia
270 969 456 1058 traducta,
481 986 587 1069 rapto
615 973 734 1043 vivere
760 971 952 1043 hominum
975 983 1239 1045 assuetorum:

168 1079 281 1151 additi
298 1095 402 1152 erant
419 1083 643 1155 Bruttiorum
659 1082 821 1154 indidem
840 1080 1018 1181 perfugae,
1036 1095 1072 1152 et
1088 1082 1242 1155 audacia

169 1204 207 1262 et
227 1190 387 1263 audendi
403 1195 526 1263 omnia
539 1191 812 1266 necessitatibus
832 1215 946 1290 pares.
966 1197 1068 1262 Hanc
1086 1215 1243 1263 manum

170 1297 214 1370 ad
224 1297 403 1373 bruttium
413 1303 573 1398 primum
583 1327 710 1400 agrum
720 1300 1019 1400 depopulandum
1028 1299 1243 1396 ducijussit,

169 1409 254 1481 iude
274 1410 320 1483 ad
340 1411 552 1484 Cauloniam
573 1407 726 1484 urbem³
743 1411 1038 1510 oppugnandam.
1055 1415 1244 1507 Imperata

169 1545 246 1602 non
264 1523 414 1621 impigre
430 1523 565 1613 solum,
580 1522 644 1595 sed
661 1522 909 1610 etiam'avide,
925 1521 1136 1619 exsequuti,
1151 1519 1247 1594 dire·

169 1632 240 1729 ptis
260 1631 466 1731 fugatisque
488 1633 690 1706 cultoribus
708 1634 802 1729 agri,
817 1654 957 1703 summa
969 1632 1005 1701 vi
1022 1627 1152 1701 urbem
1169 1655 1243 1728 op·

169 1743 392 1839 pugnabant.
414 1744 625 1834 Marcellus,
649 1758 685 1814 et
707 1741 866 1814 consulis
886 1741 998 1811 literis
1017 1740 1179 1828 excitus,
1205 1754 1245 1812 et

170 1853 255 1947 quia
273 1853 322 1924 ita
345 1855 382 1927 in
407 1855 567 1926 animum
587 1852 796 1940 induxerat,
816 1852 1001 1925 neminem
1020 1849 1151 1921 ducem
1175 1874 1244 1920 ro-

168 1987 317 2033 manum
331 1977 406 2035 tam
420 1987 544 2059 parem
552 1961 763 2051 Hannibali,
777 1987 889 2059 quam
903 1987 960 2051 se,
976 1985 1073 2050 esse,
1088 1958 1154 2031 ubi
1168 1962 1245 2058 pri-

169 2096 270 2165 mum
285 2073 323 2142 in
337 2073 430 2168 agris
444 2071 569 2169 pabuli
583 2075 688 2172 copia
700 2072 787 2161 luit,
802 2098 847 2144 ex
862 2071 1024 2147 hibernis
1036 2068 1245 2169 profectus,

169 2179 215 2251 ad
232 2183 427 2253 Canusium
444 2182 639 2256 Hannibali
653 2184 819 2257 accurrit.
838 2180 1061 2255 Sollicitabat
1075 2179 1121 2255 ad
1137 2178 1245 2255 defe-

170 2291 328 2362 ctionem
348 2294 551 2365 Canusinos
570 2299 705 2367 Poenus
729 2322 736 2364 :
759 2309 928 2368 caeterum
943 2305 1016 2380 ,ut
1039 2292 1245 2389 appropin-

170 2424 283 2496 quare
300 2403 512 2474 Marcellum
531 2403 688 2492 audivit,
710 2418 825 2475 castra
849 2402 936 2477 inde
958 2402 1082 2474 movit.
1104 2405 1248 2498 Aperta

169 2525 246 2582 erat
257 2514 376 2608 regio,
388 2515 466 2585 sine
479 2513 561 2585 ullis
575 2513 620 2583 ad
634 2513 780 2585 insidias
794 2511 960 2598 latebris;
971 2515 1095 2609 itaque
1109 2512 1147 2581 in
1158 2511 1247 2589 loca

169 2620 324 2692 saltuosa
342 2623 469 2694 cedere
489 2622 573 2694 inde
593 2625 703 2721 coepit
721 2651 728 2691 :
746 2622 937 2712 Marcellus
953 2621 1109 2718 vestigiis
1126 2620 1246 2692 insta·

168 2728 250 2822 bat,
267 2749 453 2832 castraque
469 2735 591 2806 eastris
607 2731 835 2820 conferebat,
851 2747 905 2821 et,
925 2755 1036 2830 opere
1051 2727 1247 2829 perfecto,

169 2845 351 2942 extemplo
369 2847 407 2914 in
428 2846 542 2915 aciem
557 2846 718 2942 legiones
737 2840 927 2914 educebat.
945 2838 1146 2927 Hannibal,
1161 2853 1249 2911 tur·

120 3027 122 3031 .
168 2955 293 3024 matim
313 2979 379 3052 per
398 2956 538 3051 equites
559 2954 797 3051 peditumque
812 2952 1030 3048 jaculatores
1049 2950 1141 3022 levia
1161 2975 1247 3023 cer-

203 3187 230 3219 a.
249 3172 310 3218 Octo
320 3169 400 3216 millia
408 3167 532 3216 hominum
540 3186 549 3216 .·
555 3185 617 3232 pars
626 3186 679 3216 ma-
724 3168 818 3216 Caulon
831 3167 895 3216 Plin.
906 3170 958 3226 ΠΙ,
972 3182 1019 3226 103
1035 3166 1104 3229 Virg.
1114 3166 1173 3214 ΕΩ.
1184 3166 1249 3228 111,

168 3249 238 3298 xima
248 3248 281 3296 ab
289 3247 505 3312 Agathyrna,ctc.
515 3247 566 3298 vid.
577 3249 679 3306 xm,
724 3248 789 3307 553;
802 3248 877 3298 Ovid.
892 3250 954 3297 Met.
969 3247 1029 3305 XV,
1050 3245 1114 3307 705,
1132 3254 1159 3292 et
1178 3245 1244 3295 infr.

169 3336 215 3385 to,
227 3325 292 3376 unde
299 3342 362 3388 pars
373 3325 479 3376 dimidia
489 3327 609 3392 suspicari
621 3343 679 3392 poe·
724 3343 778 3391 cap.
792 3327 833 3385 15,
843 3344 856 3374 e
868 3328 934 3387 conj.
946 3327 1057 3372 Gronov.
1078 3323 1137 3388 (qui
1151 3334 1179 3373 et
1186 3324 1214 3372 h.
1224 3325 1250 3373 l.

168 3405 210 3453 sis.
220 3409 338 3453 Praeterea
349 3422 405 3455 cuin
416 3407 544 3455 Gronovio
557 3407 621 3455 forte
630 3406 678 3468 leg.
727 3406 860 3455 Caulonem
872 3392 1003 3469 legendum
1014 3403 1129 3468 putabat,
1142 3403 1204 3466 quin
1214 3403 1248 3452 in

169 3495 224 3535 octo
236 3484 339 3533 millium
348 3488 424 3550 (pars
434 3501 501 3533 max·
512 3486 545 3533 ab
558 3487 603 3542 A„
617 3483 680 3532 sicut
723 3484 868 3548 quibusdam
891 3485 954 3533 Mss
973 3483 1005 3533 nit
1026 3481 1197 3541 Caunum,
1217 3495 1249 3533 et

168 3575 243 3612 antea
261 3564 286 3612 d.
300 3575 348 3622 est,
366 3581 400 3612 eat
416 3567 439 3612 S.
462 3565 593 3624 traducta)
610 3580 630 3610 r.
649 3579 677 3618 fv.
724 3581 778 3628 cap.
796 3564 837 3612 15.
861 3563 982 3612 canones
1003 3572 1029 3611 et
1047 3559 1176 3609 emtores
1193 3577 1250 3626 pro

167 3643 403 3700 t.a.-1ndtdem‚·
412 3661 437 3691 v.
448 3659 521 3707 supra
532 3642 564 3689 ad
573 3643 676 3699 xxm,
722 3643 788 3707 iulg.
804 3642 944 3709 Caulonioe)
961 3641 1016 3690 aliis
1029 3640 1130 3704 antiquo
1145 3655 1250 3705 greco·

168 3725 251 3784 46,n.
264 3724 288 3770 5.
722 3715 769 3787 que
791 3723 892 3771 nomino
919 3722 1019 3778 Aulon,
1042 3719 1082 3769 vel
1106 3719 1250 3780 Aulonia,

201 3806 227 3852 3.
243 3802 288 3851 Ad
300 3801 327 3850 C.
344 3801 427 3848 urbem
444 3801 607 3858 Bruttiorum,
622 3817 676 3863 quae
720 3802 833 3855 Αὐλωνία
846 3799 1138 3868 Appian.11annih.to,
1156 3799 1205 3864 qui
1218 3813 1250 3851 et

167 3881 299 3934 Καυλωνία
312 3880 391 3930 strab
405 3882 436 3939 6,
454 3898 479 3947 p.
495 3881 558 3940 2613
574 3883 676 3930 Pausan.
721 3895 885 3946 expugnatam
905 3881 967 3930 dicit
986 3880 1088 3936 urbem,
1107 3879 1181 3940 cnjus
1198 3895 1252 3951 oq·
1269 3928 1278 3943 ,

168 3962 259 4020 V1,3·;
272 3959 375 4009 Diodor.
385 3963 461 4018 XVI,
476 3976 521 4019 ¹13
537 3960 625 4025 Polyb.
638 3962 676 4018 ΙΙ,
721 3963 897 4026 pugnationem
913 3959 1019 4010 solutam
1032 3956 1107 4007 tradit
1123 3957 1181 4008 Liv.
1196 3959 1260 4009 inst

172 4042 217 4102 395
227 4041 265 4098 x,
278 4057 300 4100 1,
312 4051 336 4088 et
346 4040 432 4103 steph.
442 4042 503 4104 Byr.
512 4040 617 4101 dicitur,
636 4040 679 4090 sed
723 4057 745 4088 c.
757 4041 798 4089 15.
809 4041 882 4090 Conf.
896 4039 926 4089 de
940 4039 986 4087 hae
1002 4037 1062 4089 nbc
1074 4036 1140 4102 inpt·
1154 4039 1253 4106 Πομ.
