2768 4574
180 309 251 381 206
605 313 643 378 r.
676 311 808 378 mvn
1093 292 1221 402 tta?

178 432 323 504 debant.
342 437 442 502 Rarae
464 431 560 501 enim
581 429 681 501 scalae
703 428 884 506 altitudini
905 432 1039 527 aequari
1058 446 1248 527 poterant,

178 556 230 630 et,
243 567 318 638 quo
334 565 488 637 quaeque
503 540 666 627 altiores,
682 564 727 610 eo
743 538 959 612 infirmiores
975 557 1087 613 erant.
1104 548 1249 640 ltaque,

179 677 294 748 quum
312 675 473 722 summus
491 653 647 748 quisque
662 648 813 721 evadere
829 674 905 720 non
920 666 1061 748 posset,
1081 653 1249 727 subirent

177 779 300 836 tamen
323 765 401 851 alii,
423 789 535 835 onere
557 765 636 860 ipso
656 761 925 859 frangebantur.
947 762 1125 854 Quidam,
1144 779 1248 838 stan-

178 875 276 946 tibus
302 876 450 962 scalis²,
477 899 591 972 quum
619 873 774 944 altitudo
797 873 986 971 caliginem
1008 862 1123 946 oc'ulis
1146 874 1248 948 offu-

177 984 306 1074 disset,
324 984 369 1056 ad
387 1000 520 1056 terram
540 982 649 1055 delati
665 997 761 1053 sunt.
780 986 824 1053 Et
841 1009 955 1080 quum
974 987 1106 1083 passim
1122 986 1249 1057 homi-

176 1120 242 1166 nes
259 1094 619 1191 scalaequeruereut,
637 1108 672 1164 et
690 1094 768 1191 ipso
788 1117 953 1165 successu
971 1094 1120 1166 audacia
1133 1111 1248 1194 atque
1312 1100 1316 1131 '¹

175 1206 337 1277 alacritas
363 1205 524 1276 hostium
544 1219 742 1290 cresceret,
768 1203 909 1299 signum
931 1207 1095 1304 receptui
1117 1205 1248 1278 datum

175 1332 230 1387 est
250 1346 257 1388 :
280 1315 382 1414 quod
400 1340 501 1413 spem
519 1339 596 1385 non
617 1315 803 1412 praesentis
821 1313 933 1385 ruodo
951 1314 997 1386 ab
1016 1331 1119 1388 tanto
1137 1331 1250 1388 certa·

174 1430 273 1499 mine
295 1453 336 1499 ac
354 1425 479 1498 labore
499 1427 632 1524 quietis
650 1422 823 1512 obsessis,
845 1424 908 1496 sed
928 1426 1035 1496 etiam
1064 1428 1100 1496 in
1119 1423 1248 1524 poste-

173 1562 256 1607 rum
276 1537 397 1624 dedit,
418 1537 520 1608 scalis
543 1551 578 1608 et
598 1561 733 1608 corona
759 1538 837 1634 capi
863 1535 991 1608 urbem
1013 1562 1090 1608 non
1115 1563 1244 1636 posse:

174 1673 286 1746 opera
308 1663 344 1719 et
369 1645 528 1718 difficilia
549 1672 647 1734 esse,
670 1661 706 1717 et
725 1662 868 1746 tempus
886 1647 1035 1736 datura,
1055 1647 1100 1719 ad
1122 1647 1247 1721 l'eren-

173 1759 258 1829 dam
286 1745 395 1856 opem
421 1758 702 1855 imperatoribus
730 1759 813 1829 suis.
843 1758 912 1828 Vix
939 1759 1039 1855 prior
1063 1759 1247 1863 tumultus

173 1869 417 1954 conticuerat,
437 1892 551 1963 quum
569 1869 689 1966 Scipio
705 1867 751 1939 ab
773 1868 927 1940 obsessis
940 1870 1013 1964 jam
1030 1870 1248 1943 vulneratis·

173 2006 246 2078 que
261 1994 425 2051 recentes
444 1980 678 2075 integrosque
697 1979 785 2050 alios
806 1981 968 2077 accipere
988 1980 1099 2051 scalas
1114 1981 1248 2076 jubet,

173 2107 209 2166 et
223 2093 259 2160 vi
269 2091 406 2185 majore
421 2088 567 2186 aggredi
582 2089 720 2162 urbem.
738 2097 839 2188 Ipse,
853 2106 895 2161 ut
911 2092 945 2162 ei
961 2093 1168 2162 nuntiatum
1188 2111 1248 2166 est

172 2216 298 2271 aestum
316 2199 508 2288 decedere,
532 2200 633 2298 quod
651 2227 716 2300 per
734 2204 931 2300 piscatores
949 2218 1247 2291 tarraconenses,
1303 2265 1305 2270 .

172 2334 272 2380 nunc
290 2308 430 2381 levibus
450 2310 607 2406 cymbis,
627 2336 747 2399 nunc,
768 2312 833 2383 ubi
852 2338 902 2384 eae
921 2309 1121 2400 siderent³,
1140 2315 1248 2386 vadis

171 2435 383 2517 pervagatos
397 2434 582 2516 stagnum,
598 2438 827 2519 compertum
842 2423 1016 2512 habebat,
1030 2424 1170 2496 sa'cilem
1182 2452 1250 2524 pe-

171 2530 278 2601 dibus
303 2530 348 2602 ad
369 2557 516 2602 murum
539 2538 731 2605 transitum
755 2536 852 2622 dari,
879 2562 923 2607 eo
941 2562 1063 2608 secum
1083 2555 1249 2612 armatos

171 2640 286 2711 duxit.
307 2642 467 2713 Medium
489 2642 602 2716 ferme
622 2645 694 2715 diei
718 2662 815 2732 erat,
839 2661 875 2717 et
900 2647 945 2717 ad
973 2648 1028 2738 id,
1049 2649 1151 2746 quod
1176 2675 1250 2722 sua

170 2767 299 2847 sponte
319 2752 472 2824 cedente
492 2756 530 2824 in
549 2780 647 2826 mare
674 2771 762 2826 aestu
786 2757 999 2828 trahebatur
1019 2784 1132 2856 aqua,
1159 2785 1250 2832 acer

169 2864 278 2932 etiarn
297 2865 530 2960 septemtriol
548 2880 650 2936 ortus
669 2867 881 2938 inclinatum
901 2884 1068 2966 stagnum
1087 2870 1248 2962 eodem,

168 3041 254 3089 adVII
263 3077 269 3098 ‚
278 3043 324 3103 39,
334 3043 430 3090 n.5.-
440 3045 526 3101 Rarae,
539 3061 634 3109 paucae.
643 3045 683 3093 Ad
728 3047 843 3096 Creverio
856 3030 960 3096 iridetur.
982 3050 1056 3098 Deest
1068 3049 1183 3114 profecto
1197 3068 1249 3100 nu-

169 3136 237 3183 seqq.
250 3122 334 3167 confer
347 3122 435 3186 Polyb.
450 3125 487 3181 X,
503 3126 533 3171 13
546 3136 570 3172 et
584 3133 623 3179 14.
728 3143 808 3175 merus
820 3143 916 3188 eorum,
934 3145 996 3192 quos
1007 3129 1090 3193 Scipio
1105 3145 1188 3176 secum
1202 3149 1248 3179 ar-

169 3209 173 3215 ·
205 3214 230 3246 2.
241 3198 364 3246 Stantibus
373 3200 460 3257 scalis;
476 3202 540 3249 forte
553 3215 644 3251 stantes
658 3205 683 3251 in
728 3207 905 3263 matosduscit;
921 3219 945 3255 et
958 3207 979 3255 is
993 3224 1108 3255 uumerus
1121 3208 1187 3256 infra
1197 3227 1249 3259 no·

167 3277 252 3333 scalis,
263 3278 302 3324 vel
311 3278 459 3326 nutantibus.
470 3308 506 3317 -
518 3282 594 3329 Scalis
608 3295 632 3329 et
640 3299 680 3330 co·
726 3296 791 3333 tatur
810 3303 863 3350 cap.
883 3302 933 3349 seq.
951 3303 1007 3334 voc.
1022 3286 1175 3350 quingentis:
1190 3305 1252 3352 quo·

167 3371 239 3413 rona,
246 3358 430 3421 oppugnatione
435 3370 459 3406 et
466 3360 680 3422 obsidione3eonf.
724 3363 781 3412 loeo
793 3382 868 3429 quum
879 3365 933 3412 solo
942 3382 1044 3413 numero
1054 3365 1090 3412 illi
1100 3366 1193 3414 milites
1205 3368 1249 3418 de·

167 3433 333 3495 ad11‚17,n.
349 3437 372 3484 5.
382 3463 417 3472 -—
431 3439 528 3502 0pera;
539 3440 594 3487 vide
608 3442 640 3489 ad
647 3443 680 3500 V,
725 3443 851 3506 signentur
867 3444 1024 3508 perspicuum
1042 3457 1079 3492 est
1095 3461 1152 3493 eum
1165 3463 1246 3513 supra

168 3528 214 3569 22,
229 3531 255 3562 n.
267 3530 291 3574 7.
725 3539 866 3588 expressum
876 3524 956 3572 fuisse,
967 3526 1107 3573 Eis-Ad
1114 3524 1156 3582 id,
1172 3529 1250 3590 quod

204 3594 227 3640 3.
244 3595 290 3641 Ubi
298 3611 333 3642 eae
342 3594 458 3653 siderent,
472 3598 593 3646 haererent
602 3599 629 3646 in
641 3617 680 3647 va·
724 3619 769 3650 sua
778 3616 875 3668 sponte,
891 3615 954 3662 ete,
964 3603 1021 3651 vide
1031 3604 1062 3651 ad
1073 3606 1110 3663 11,
1120 3605 1170 3664 23,
1180 3623 1209 3655 n.
1221 3609 1248 3656 3.

167 3671 205 3719 dis
214 3673 340 3736 fundoque
348 3674 446 3723 limoso.
456 3705 491 3712 -
501 3680 538 3725 Eo
547 3695 627 3726 secum
641 3697 679 3726 ar·
760 3692 784 3738 4.
795 3687 860 3730 Acer
866 3683 1048 3747 septemtrimv.
1055 3684 1087 3731 ad
1094 3685 1246 3748 mvn,

166 3763 245 3799 matos
262 3751 349 3809 duxit,
371 3754 435 3802 forte
455 3758 478 3803 D
498 3764 579 3804 secum
595 3775 620 3805 a.
640 3758 679 3815 d.;
727 3763 1175 3829 ra,n.t.—Incliuatumstagrmm,
1188 3769 1245 3817 seil.

166 3830 237 3878 ΟΜ·
250 3834 286 3879 1¹³
294 3830 382 3896 P⁰lyb·
391 3836 428 3891 Χ,
446 3843 486 3893 14,
495 3839 590 3884 Vocem
599 3852 680 3884 secum
725 3854 800 3900 aestu,
813 3860 898 3906 aquam
911 3844 990 3907 stagni
1000 3855 1117 3892 mutatam
1128 3845 1201 3910 (vide
1212 3849 1246 3895 ad

165 3908 254 3969 adjecit
273 3910 413 3959 Gronovius
438 3931 513 3977 quum
536 3915 563 3963 in
583 3917 678 3981 optimo
723 3923 774 3980 IX,
789 3923 837 3979 32,
851 3939 876 3969 n.
889 3921 930 3987 4),
948 3923 988 3970 vel
999 3923 1083 3988 potius
1096 3941 1142 3970 sua
1152 3939 1247 3988 sponte
1306 3916 1308 3925 i

165 3987 252 4034 codice
268 3989 384 4052 reperiret
395 4007 444 4038 seu.
457 3995 515 4041 Non
529 4005 608 4043 tamen
620 3998 680 4045 inte-
724 4017 767 4047 seu
790 4013 850 4058 astu
870 4002 1020 4050 recedentem
1042 4003 1067 4050 in
1092 4019 1171 4051 mare.
1202 4007 1248 4054 sto

164 4081 232 4130 gram
252 4068 308 4116 huie
326 4069 383 4117 loco
400 4073 528 4122 sanitatem
545 4076 679 4126 restituisse
723 4081 827 4139 XXIX,
841 4098 853 4142 7
869 4081 1080 4148 praesensentiae
1094 4082 1249 4136 incusatum
