2768 4574
172 291 295 406 3323'2221
409 317 561 383 niusa
589 314 706 380 xxv.
736 313 837 380 cnr.
864 313 944 380 xv.
1158 315 1201 396 [μ

136 466 219 513 ‚non
228 438 355 509 modo1
368 461 501 524 arcem,
518 416 610 505 tanti
616 434 745 504 debere
754 459 842 521 esse,
854 451 894 505 ut
902 437 1080 532 Capuam,
1093 458 1206 531 qnam

150 551 360 646 C'czrthagim'
369 572 516 646 aequare
524 553 571 617 sit
577 545 715 631 solitus,
726 546 902 616 desertam
911 545 1208 643 i'ndtffensamque

140 658 279 760 populo
291 672 448 731 'romano
467 659 595 729 nodat.
617 655 815 744 Hannibal,
838 679 931 726 curae
947 654 1014 725 sibi
1032 654 1110 726 fore
1128 679 1207 726 rem

145 796 354 868 campanam
367 769 563 867 pollicitus,
578 768 817 865 inpraesentia
836 765 909 837 duo
921 767 1030 837 millia
1042 768 1208 864 equitum

146 905 229 952 cum
243 881 366 976 legatis
378 881 504 966 mittit,
522 904 597 974 quo
613 877 779 976 praesidio
793 901 895 975 agros
909 876 1207 975 populationibus

144 1006 292 1088 possent
317 989 521 1089 prohibere.
550 989 721 1060 Romanis
747 989 913 1075 interim,
938 989 1029 1058 sicut
1057 987 1208 1058 aliarum

144 1127 285 1191 rerum,
304 1103 393 1172 arcis
410 1100 595 1171 tarentinae
613 1100 862 1197 praesidiique,
879 1097 979 1194 quod
999 1096 1050 1166 ibi
1064 1096 1206 1169 obside·

144 1226 265 1294 retur,
285 1235 370 1281 cura
393 1236 479 1282 esse.
502 1214 543 1282 C.
565 1210 735 1282 Servilius
752 1210 976 1308 legatus,·ex
995 1209 1207 1279 auctoritate

144 1326 288 1391 Patrum
304 1348 323 1392 a
337 1326 374 1391 P.
388 1321 556 1393 Cornelio
568 1336 720 1420 praetore
734 1323 773 1391 in
787 1313 965 1392 Etruriam
984 1319 1029 1389 ad
1045 1317 1208 1390 frumen-

144 1447 221 1503 tum
235 1432 475 1504 coemendum
490 1434 638 1520 missus,
656 1458 738 1506 cum
754 1433 892 1529 aliquot
904 1429 1056 1502 navibus
1068 1431 1208 1500 onustis

144 1543 182 1611 in
202 1535 590 1639 portnm'tarentinum
607 1544 702 1615 inter
714 1542 874 1614 hostium
891 1540 1071 1613 custodias
1084 1565 1208 1639 perve-

141 1652 209 1750 nit.
229 1654 338 1748 Cujus
361 1654 537 1742 adventu,
562 1655 626 1750 qui
650 1667 754 1740 ante,
779 1653 818 1723 in
837 1655 965 1750 exigna
986 1677 1071 1751 spe,
1090 1652 1208 1722 vocati

144 1788 237 1860 saepe
252 1765 296 1835 ad
310 1767 558 1838 transitionem
573 1764 619 1836 ab
633 1763 801 1836 hostibus
815 1790 880 1864 per
893 1763 1074 1859 colloquia
1089 1776 1206 1850 erant,
1299 1775 1300 1779 ’

142 1872 240 1944 ultro
259 1875 303 1945 ad
324 1876 586 1948 transeundum
607 1877 729 1949 hostes
748 1874 926 1947 vocabant
948 1872 1206 1945 sollicitabant·

143 2007 227 2077 que.
241 1989 285 2054 Et
302 2001 378 2055 erat
392 1989 474 2056 satis
489 1987 647 2056 vahdum
662 1985 886 2084 praesidium,
905 1985 1076 2058 traductis
1092 1983 1137 2054 ad
1152 2008 1206 2054 ar·

143 2117 221 2163 cem
233 2098 378 2165 Tarenti
392 2096 582 2184 tuendam,
595 2098 659 2193 qui
672 2096 873 2194 Metaponti
885 2109 1007 2183 erant,
1019 2089 1205 2163 militibus.

143 2207 269 2299 Itaque
283 2207 523 2303 Metapontini
535 2207 737 2306 extemplO,
751 2220 869 2295 metu,
885 2230 960 2302 quo
970 2202 1205 2291 tenebantur,

143 2310 299 2401 liberati,
314 2316 359 2387 ad
369 2318 605 2402 Hannibalem
618 2316 790 2390 defecere.
803 2323 881 2389 Hoc
893 2316 990 2387 idem
1004 2314 1131 2386 eadem
1144 2339 1207 2385 ora

142 2425 272 2495 maris²
287 2441 323 2496 et
334 2427 484 2499 Thurini
498 2427 662 2501 fecerunt
679 2457 687 2498 :
703 2431 817 2500 movit
833 2453 894 2500 eos
909 2454 985 2499 non
998 2427 1207 2498 Tarentino

141 2559 223 2603 rum
237 2539 348 2632 magis
364 2537 518 2610 defectio
533 2543 960 2638 Metapontinorumque,
978 2537 1129 2636 quibus,
1149 2538 1206 2606 in·

143 2643 263 2719 didem
286 2673 330 2719 ex
355 2646 509 2720 Achaia³
533 2651 696 2737 oriundi,
722 2653 830 2722 etiam
853 2650 1068 2749 cognatione
1088 2647 1207 2744 juncti

144 2770 266 2845 erant,
291 2781 401 2853 quam
418 2762 471 2830 ira
488 2761 526 2830 in
547 2765 728 2832 Romanos
752 2775 902 2859 propter
920 2760 1064 2832 obsides
1089 2782 1207 2854 nuper

179 2960 241 3008 Can.
251 2961 309 3008 XV.
320 2974 341 3006 1.
352 2961 391 3006 Ne
401 2964 529 3011 Tarentum
538 2965 648 3029 quidem,
693 2967 718 3015 h.
732 2967 749 3015 l.
767 2966 930 3024 Achaeorum,
948 2976 976 3012 ut
991 2963 1058 3028 apud
1073 2966 1206 3027 scymnum

143 3055 192 3085 non
203 3039 288 3094 modo,
301 3037 378 3087 multo
391 3040 485 3099 minus,
503 3059 547 3090 seu
559 3044 650 3091 nedum
694 3046 782 3096 Chium
797 3062 822 3093 v.
840 3047 891 3094 325
899 3080 905 3104 ‚
925 3057 967 3094 aut
983 3044 1091 3092 confusis
1107 3059 1163 3091 cnm
1176 3044 1207 3092 iis

143 3117 225 3181 (quod
237 3130 260 3166 et
278 3120 304 3166 in
322 3120 384 3167 MSS
401 3118 494 3185 exstat)
509 3138 597 3171 arcent.
611 3124 649 3172 Cf.
693 3126 816 3174 veteribus
833 3125 968 3190 Sybarim,
986 3135 1028 3173 aut
1045 3135 1158 3188 respectu
1175 3123 1207 3172 ad

143 3198 208 3247 Duh.
221 3197 289 3245 adh.
303 3197 320 3244 l.
333 3209 358 3246 et
370 3201 428 3246 Ern.
444 3199 511 3250 Clav.
527 3201 579 3250 Cic.
594 3217 649 3250 voc.
694 3221 736 3252 eos
744 3205 842 3264 habito,
853 3207 896 3270 qui
904 3223 935 3254 ex
944 3207 974 3254 iis
983 3205 1126 3270 superstites
1134 3219 1207 3252 novae

143 3276 224 3323 modo·
694 3284 1206 3348 coloniaeinterfuerant.ltalleyn.0pusc.

183 3371 207 3402 2.
219 3357 272 3402 Hoc
284 3355 347 3403 idem
356 3357 443 3406 eadem
453 3375 500 3406 ora
509 3360 584 3408 maris
592 3361 652 3424 Tyr-
694 3363 762 3411 acad.
774 3375 835 3413 tom.
847 3367 887 3422 II,
902 3381 958 3429 pag.
971 3371 1037 3424 174,
1053 3363 1096 3426 qui
1107 3362 1138 3410 de
1149 3379 1206 3411 vm

143 3434 212 3480 rheni
228 3446 252 3481 et
268 3435 368 3484 Thurini
368 3437 498 3502 fecerunt,
517 3440 570 3489 scil.
582 3439 651 3504 quod
694 3443 760 3490 urbis
772 3445 866 3507 origine
878 3443 986 3507 disputat
995 3440 1057 3489 ibid.
1070 3459 1095 3506 p.
1107 3442 1154 3488 138
1167 3458 1204 3506 sq.

144 3513 249 3561 fecerant
261 3516 424 3579 Metapontini
435 3517 461 3564 in
477 3518 562 3566 eadem
577 3521 652 3567 Luca·
695 3532 720 3568 ot
730 3521 761 3569 de
771 3524 927 3586 Metaponto,
938 3539 962 3585 p.
974 3521 1023 3568 205
1033 3537 1070 3584 sq.
1080 3520 1123 3568 ubi
1133 3521 1205 3583 etiam

144 3591 192 3640 nia.
205 3594 243 3641 Cf.
256 3593 289 3640 ad
297 3595 337 3652 X,
349 3610 378 3651 2,
390 3611 416 3644 n.
426 3612 455 3653 a,
470 3608 494 3645 et
505 3599 597 3657 xm,
607 3598 650 3658 61,
694 3601 803 3659 monuit,
813 3601 885 3648 verba
896 3599 1041 3665 cognatione
1045 3599 1129 3666 juncti
1136 3612 1207 3647 erant

59 3708 60 3715 ,
144 3669 226 3732 ibique
238 3683 289 3722 not.
302 3689 341 3720 11.
695 3680 727 3727 ad
742 3680 808 3728 solos
823 3680 1002 3742 Metapontinos
1019 3691 1141 3743 spectare,
1153 3694 1205 3726 non

179 3751 203 3795 3.
219 3750 322 3811 Quibus,
338 3751 444 3800 indidem
456 3770 488 3802 ex
499 3755 609 3813 Achaia,
620 3773 652 3805 ex
696 3760 727 3807 ad
742 3759 897 3817 Tarentinos,
911 3759 953 3823 qui
969 3759 1048 3807 dorici
1062 3759 1152 3806 fuerint
1163 3775 1205 3822 ge·

144 3829 228 3875 eadem
240 3829 278 3877 vel
288 3832 378 3894 pariter
390 3848 420 3880 ex
432 3834 525 3883 Achaia
545 3836 609 3902 (vid.
620 3836 652 3884 ad
696 3840 775 3899 neris,
790 3839 820 3886 de
833 3854 882 3902 quo
897 3838 953 3886 vide
964 3839 1026 3886 ibid.
1037 3856 1062 3903 p.
1071 3853 1137 3898 217:
1151 3838 1204 3903 qui-

144 3911 248 3966 xxm,
262 3909 307 3967 46,
319 3927 344 3957 n.
353 3911 391 3976 t),
403 3912 512 3972 orhandi,
524 3927 651 3975 etc.;nam
696 3920 739 3965 bus
758 3918 840 3964 itidem
853 3934 886 3965 etr
901 3918 1000 3968 Achaia
1015 3917 1124 3966 oriundis
1138 3919 1203 3980 conj.

142 4004 228 4042 ,omnes
236 3989 284 4037 ttlae
294 3989 365 4038 urbes
375 4008 456 4054 graecae
466 4007 534 4044 erant
542 3997 651 4060 originis.
697 3999 843 4045 Gronov.-
849 4000 886 4045 De
896 3998 935 4045 his
943 3998 1056 4046 omnibus
1063 3997 1113 4045 vid.
1124 3998 1202 4046 Strab.

145 4067 193 4127 Sed
213 4069 314 4130 Thurii,
335 4071 520 4122 Atheniensium
540 4077 651 4134 colonia,
696 4080 745 4139 vt,
757 4093 812 4142 pag.
821 4079 880 4133 264.
894 4079 939 4127 En.
950 4105 986 4114 -—
998 4081 1101 4142 Propter
1109 4077 1202 4125 obsides
