2768 4574
203 344 208 413 ζ
240 326 306 415 ζ”ζζ
375 335 534 402 LIBER
562 336 677 404 XXV.
703 336 806 403 CAP.
831 339 993 406 XXVII.
1164 335 1215 432 69

156 481 281 555 posse,
302 455 366 526 secl
390 461 574 527 Romanos
592 479 739 552 quoque
761 457 800 525 in
821 471 923 554 capta
943 456 1214 554 quodammodo

157 565 247 637 urhe
260 566 355 662 capi,
365 565 540 663 perpulit,
553 579 594 636 ut
607 566 785 636 onerarias¹
797 591 905 637 naves
919 587 1030 664 quarn·
1043 568 1216 666 plurimas

158 675 501 773 omnicopiar'erum
513 688 660 746 onustas
670 695 792 746 seeum
802 677 987 747 mitterent
995 678 1216 776 classemque

157 810 259 856 snam
273 799 456 883 augerent.
472 787 601 883 Igitur,
617 799 766 857 centum
778 787 924 884 triginta
936 787 1086 858 navibus
1100 788 1218 886 longis
1314 824 1318 831 -

158 908 194 965 et
207 895 443 992 septingentis
457 896 628 965 onerariis
641 893 845 992 profectus²
859 920 879 967 a
893 895 1122 993 Carthagine,
1136 899 1219 970 satis

157 1028 350 1102 prosperos
368 1019 495 1074 ventos
515 1005 560 1074 ad
579 1005 831 1099 trajiciendum
849 1007 888 1076 in
907 1006 1060 1077 Siciliam
1081 1003 1218 1079 habuit.

159 1113 229 1185 Sed
250 1115 361 1185 iidem
379 1116 478 1186 renti
498 1139 666 1212 superare
688 1135 772 1187 eum
793 1113 1028 1214 Pachyrrum³
1047 1116 1222 1214 prohibe-

158 1223 258 1295 hant.
280 1224 487 1296 Bomilcaris
503 1225 697 1313 adventus,
717 1225 811 1296 fama
828 1229 969 1324 primo,
991 1226 1075 1298 dein
1093 1243 1223 1325 prater

160 1359 263 1432 spem
283 1359 404 1423 mora,
426 1356 541 1432 quum
559 1335 728 1432 gaudium
748 1350 783 1408 et
806 1351 946 1407 metum
961 1338 999 1406 in
1015 1333 1129 1406 vicem
1148 1341 1223 1408 Ro·

159 1447 274 1516 manis
285 1447 586 1542 Syracusanisque
600 1445 828 1543 praebuisset,
848 1445 1025 1544 Epicydes
1039 1460 1225 1533 metuens,

159 1579 226 1641 ne,
246 1557 276 1627 si
295 1570 487 1652 pergerent
505 1554 633 1645 iidem,
655 1557 820 1652 quitum
838 1555 1051 1643 tenebant,
1073 1555 1118 1626 ah
1138 1570 1224 1627 ortu

160 1665 243 1743 solis
258 1664 344 1737 llare
358 1691 423 1764 per
435 1667 511 1737 dies
525 1668 647 1765 plures
659 1668 774 1752 venti,
789 1667 908 1740 classis
922 1668 1054 1764 punica
1066 1664 1223 1737 Africam

158 1789 357 1872 repeteret,
375 1776 505 1847 tradita
522 1775 724 1849 Achradina
740 1777 1048 1849 mercenariorum
1066 1777 1223 1847 militum

130 1915 131 1919 ¹
159 1883 332 1973 ducibus,
351 1885 397 1955 ad
414 1886 648 1958 Bomilcarem
666 1889 829 1984 navigat„
840 1887 998 1958 Classem
1014 1888 1052 1956 in
1070 1888 1224 1958 statione

159 2020 261 2065 versa
282 1996 320 2064 in
340 1993 495 2066 Africam
517 1994 734 2085 habentem,
759 2009 868 2095 atquc
890 1998 1079 2068 timentem
1097 1991 1224 2068 navale

160 2104 342 2202 praelium,
364 2128 440 2176 non
464 2120 538 2176 tam
562 2107 663 2203 quod
687 2108 803 2205 impar
824 2105 961 2178 viribus
981 2120 1044 2176 aut
1068 2129 1223 2177 numero

160 2215 306 2284 navium
327 2229 422 2286 esset
439 2215 599 2314 (quippe
619 2218 726 2288 etiam
747 2218 869 2316 plures
888 2215 1093 2310 habehat),
1113 2237 1224 2314 quam
1314 2276 1317 2281 ,

161 2324 262 2420 quod
271 2327 371 2396 venti
385 2327 541 2424 aptiores
553 2347 727 2417 romanae,
740 2350 850 2425 quam
865 2351 953 2412 suae,
967 2326 1068 2397 classi
1080 2324 1225 2415 flarent,

160 2436 320 2533 perpulit
332 2437 495 2524 tandem,
505 2451 546 2508 ut
560 2437 744 2508 fortunam
756 2435 891 2509 navalis
903 2436 1107 2508 certaminis
1122 2455 1227 2531 expe·

161 2546 223 2615 riri
242 2545 361 2618 vellet.
382 2552 428 2618 Et
443 2549 651 2637 Marcellus,
668 2573 781 2646 quum
801 2548 1011 2637 etsiculum
1028 2548 1226 2618 exercitum

164 2680 208 2725 ex
216 2668 293 2726 tota
301 2657 417 2728 insula
427 2660 562 2729 conciri
570 2656 769 2746 videret,et
781 2659 1011 2756 comingenti
1020 2669 1225 2728 commeatu

163 2766 310 2836 classem
331 2770 500 2865 punicam
520 2769 732 2856 adventare,
750 2795 798 2841 ne
820 2766 927 2839 simul
948 2783 1042 2839 terra
1062 2767 1225 2861 marique

163 2874 322 2945 inclusus
340 2875 433 2946 urbe
450 2877 609 2948 hostium
627 2893 860 2977 urgueretur,
880 2900 1091 2974 quanquam
1109 2877 1226 2969 impar

164 3008 318 3056 numero
339 2987 486 3055 narium
512 3001 607 3075 erat,
632 2988 828 3084 prohibere
849 2985 950 3056 aditu
972 2990 1227 3082 Syracusarum

164 3095 399 3167 Bomilcarem
416 3097 612 3167 constituit.
628 3103 717 3167 Duae
734 3097 861 3167 classes
879 3093 1016 3166 infestae
1033 3095 1126 3165 circa
1140 3114 1228 3190 pro·

164 3288 192 3337 τὸ
210 3303 238 3334 eo
250 3304 427 3352 supervacuam
438 3286 544 3334 videtur.
559 3266 606 3333 sed
616 3284 672 3332 vido
715 3278 806 3342 gatnris
818 3277 849 3326 ah
860 3277 977 3343 Pachyno
989 3275 1020 3324 ad
1030 3274 1168 3340 Syracusas.
1179 3275 1226 3321 Bo.

165 3365 196 3413 ad
208 3368 233 3425 1,
247 3382 291 3429 19,
303 3383 329 3417 n.
345 3381 369 3415 1.
532 3397 534 3399 -
752 3357 943 3422 mipergeranr
951 3356 1023 3403 ildem
1033 3353 1113 3412 venti,
1123 3353 1167 3416 qui
1176 3362 1227 3398 tum

201 3461 226 3491 a.
250 3436 345 3493 CXXX
361 3444 461 3492 navibus
480 3442 558 3509 longis
573 3455 599 3490 et
610 3441 676 3490 DCC
717 3437 841 3493 tenebant,
854 3433 1229 3490 retinebantclassamincurau,

160 3523 284 3570 onuariis
292 3523 431 3589 profecum
444 3523 502 3570 vide
511 3522 543 3570 ad
553 3526 578 3581 1,
590 3529 634 3579 14,
646 3538 673 3571 n,
717 3516 756 3563 vel
767 3515 900 3574 durabant3
915 3517 991 3562 Doar.
1006 3513 1097 3564 Confer
1105 3511 1137 3558 ad
1146 3510 1184 3568 11,
1196 3511 1226 3566 3,

168 3609 196 3659 t,
207 3604 312 3660 eam,
325 3617 365 3662 17,
375 3603 433 3649 n‚5.
443 3601 517 3659 DCC,
528 3616 581 3649 non
589 3601 671 3657 LXX,
717 3612 742 3643 n.
753 3596 785 3654 6,
796 3606 820 3643 et
829 3596 868 3653 11,
884 3595 932 3653 63,
942 3609 967 3640 n.
979 3594 1003 3640 3.
1014 3591 1095 3638 -Ab
1106 3599 1160 3636 ortu
1170 3587 1229 3636 solis

167 3680 340 3744 optimiMSS,
359 3692 383 3729 et
399 3681 564 3728 onerariarum
576 3679 675 3727 narium
710 3674 787 3742 flare·
794 3671 870 3721 Venti
875 3687 933 3735 ergo
942 3671 1028 3719 mutati
1036 3670 1131 3717 fuerant
1139 3684 1172 3714 ex
1178 3681 1228 3730 quo

167 3774 281 3807 numerus
290 3760 353 3807 solet
366 3772 416 3808 ease
429 3761 518 3820 major;
536 3760 614 3807 Gron.
718 3752 839 3802 Bomilcar
859 3751 890 3798 atl
909 3750 1052 3814 Pachynum
1065 3756 1228 3813 pervenerat:

205 3835 677 3901 &SuperumeumPacltynum3vitl.ael
719 3832 819 3889 aedita,
836 3840 930 3902 utnon
948 3829 1040 3886 minus,
1060 3840 1131 3890 quam
1145 3825 1228 3890 priua,

168 3914 208 3982 ΠΙ,
217 3916 262 3975 50,
271 3923 328 3971 nt.
339 3943 374 3952 —-
384 3917 528 3980 Carthagine
535 3917 676 3980 Pachynum
719 3910 879 3976 prohiberent
891 3908 999 3974 superari
1014 3904 1229 3973 promontorium,

168 4006 279 4062 petentes
289 4005 376 4042 ventus
387 3995 417 4043 ab
431 4011 519 4043 occasu
530 3995 603 4042 ferme
616 3993 677 4042 flans
720 4000 744 4038 et
751 3990 850 4037 classem
855 3987 1023 4052 Carthaginem
1031 4002 1113 4034 versus
1121 3981 1231 4048 impelle-

74 4071 76 4075 ’
170 4086 275 4125 vexarat.
286 4076 376 4124 Auster
385 4074 533 4124 necessarius
546 4084 597 4121 erat
609 4072 678 4120 navi·
721 4079 783 4119 rent.
798 4070 843 4117 En.
861 4095 896 4106 -
912 4068 1046 4117 nabentem
1061 4064 1230 4114 Bomilcarem.
