<?xml version="1.0" encoding="UTF-8"?>
<!DOCTYPE html PUBLIC "-//W3C//DTD XHTML 1.0 Transitional//EN"
    "http://www.w3.org/TR/xhtml1/DTD/xhtml1-transitional.dtd">
<html xmlns="http://www.w3.org/1999/xhtml" xml:lang="en" lang="en">
 <head>
  <title>
</title>
<meta http-equiv="Content-Type" content="text/html;charset=utf-8" />
  <meta name='ocr-system' content='tesseract 3.04.00' />
  <meta name='ocr-capabilities' content='ocr_page ocr_carea ocr_par ocr_line ocrx_word'/>
</head>
<body>
  <div class='ocr_page' id='page_1' title='image "./titusliviuspata04freigoog_0142.png"; bbox 0 0 2768 4574; ppageno 0'>
   <div class='ocr_carea' id='block_1_1' title="bbox 123 309 1315 3410">
    <p class='ocr_par' dir='ltr' id='par_1_1' title="bbox 123 309 1315 3410">
     <span class='ocr_line' id='line_1_1' title="bbox 228 309 1250 414; baseline 0.009 -31"><span class='ocrx_word' id='word_1_1' title='bbox 228 325 234 397; x_wconf 76' lang='grc' dir='ltr'>ζ</span> <span class='ocrx_word' id='word_1_2' title='bbox 264 309 330 396; x_wconf 72' lang='grc' dir='ltr'>ζ”’ζ</span> <span class='ocrx_word' id='word_1_3' title='bbox 417 318 570 384; x_wconf 89' lang='lat' dir='ltr'>LIBER</span> <span class='ocrx_word' id='word_1_4' title='bbox 600 320 741 390; x_wconf 83' lang='lat' dir='ltr'><strong>XXVI.</strong></span> <span class='ocrx_word' id='word_1_5' title='bbox 770 321 878 388; x_wconf 86' lang='lat' dir='ltr'><strong>CAP.</strong></span> <span class='ocrx_word' id='word_1_6' title='bbox 897 322 1007 388; x_wconf 86' lang='lat' dir='ltr'>XIII.</span> <span class='ocrx_word' id='word_1_7' title='bbox 1176 320 1250 414; x_wconf 10' lang='lat'>1315*</span> 
     </span>
     <span class='ocr_line' id='line_1_2' title="bbox 179 438 1246 541; baseline 0.008 -35"><span class='ocrx_word' id='word_1_8' title='bbox 179 443 339 526; x_wconf 70' lang='lat' dir='ltr'>minute,</span> <span class='ocrx_word' id='word_1_9' title='bbox 363 463 427 509; x_wconf 84' lang='lat' dir='ltr'>nee</span> <span class='ocrx_word' id='word_1_10' title='bbox 447 438 686 536; x_wconf 79' lang='lat' dir='ltr'>quidfactrtri</span> <span class='ocrx_word' id='word_1_11' title='bbox 693 441 855 529; x_wconf 80' lang='lat' dir='ltr'>fuerint,</span> <span class='ocrx_word' id='word_1_12' title='bbox 876 445 910 511; x_wconf 83' lang='lat' dir='ltr'>st&#39;</span> <span class='ocrx_word' id='word_1_13' title='bbox 924 447 1107 514; x_wconf 81' lang='lat' dir='ltr'>Romanos</span> <span class='ocrx_word' id='word_1_14' title='bbox 1127 449 1164 512; x_wconf 81' lang='lat' dir='ltr'>in</span> <span class='ocrx_word' id='word_1_15' title='bbox 1173 469 1246 541; x_wconf 84' lang='lat' dir='ltr'>po-</span> 
     </span>
     <span class='ocr_line' id='line_1_3' title="bbox 180 548 1242 648; baseline 0.009 -33"><span class='ocrx_word' id='word_1_16' title='bbox 180 562 304 617; x_wconf 83' lang='lat' dir='ltr'><em>testate</em></span> <span class='ocrx_word' id='word_1_17' title='bbox 337 548 569 634; x_wconf 72' lang='lat' dir='ltr'>habur&#39;ssent5</span> <span class='ocrx_word' id='word_1_18' title='bbox 603 573 669 619; x_wconf 85' lang='lat' dir='ltr'>nee</span> <span class='ocrx_word' id='word_1_19' title='bbox 706 550 799 647; x_wconf 83' lang='lat' dir='ltr'>quid</span> <span class='ocrx_word' id='word_1_20' title='bbox 832 556 916 648; x_wconf 69' lang='lat' dir='ltr'>pse</span> <span class='ocrx_word' id='word_1_21' title='bbox 941 553 1155 646; x_wconf 75' lang='lat' dir='ltr'>patiendum</span> <span class='ocrx_word' id='word_1_22' title='bbox 1185 561 1242 625; x_wconf 82' lang='lat' dir='ltr'>sit.</span> 
     </span>
     <span class='ocr_line' id='line_1_4' title="bbox 178 658 1241 756; baseline 0.007 -27"><span class='ocrx_word' id='word_1_23' title='bbox 178 688 195 722; x_wconf 74' lang='grc' dir='ltr'>α</span> <span class='ocrx_word' id='word_1_24' title='bbox 209 658 325 750; x_wconf 86' lang='lat' dir='ltr'><strong>Quid!</strong></span> <span class='ocrx_word' id='word_1_25' title='bbox 344 685 427 747; x_wconf 87' lang='lat' dir='ltr'>vos,</span> <span class='ocrx_word' id='word_1_26' title='bbox 442 661 580 756; x_wconf 88' lang='lat' dir='ltr'>iuquit,</span> <span class='ocrx_word' id='word_1_27' title='bbox 602 684 681 731; x_wconf 89' lang='lat' dir='ltr'>eam</span> <span class='ocrx_word' id='word_1_28' title='bbox 702 659 925 732; x_wconf 88' lang='lat' dir='ltr'>deditionem</span> <span class='ocrx_word' id='word_1_29' title='bbox 943 659 1046 734; x_wconf 80' lang='lat' dir='ltr'>lore3</span> <span class='ocrx_word' id='word_1_30' title='bbox 1066 665 1241 753; x_wconf 84' lang='lat' dir='ltr'>censetis,</span> 
     </span>
     <span class='ocr_line' id='line_1_5' title="bbox 177 769 1242 866; baseline 0.005 -26"><span class='ocrx_word' id='word_1_31' title='bbox 177 797 193 830; x_wconf 75' lang='lat' dir='ltr'>t&lt;</span> <span class='ocrx_word' id='word_1_32' title='bbox 208 794 281 865; x_wconf 87' lang='lat' dir='ltr'>qua</span> <span class='ocrx_word' id='word_1_33' title='bbox 298 769 503 866; x_wconf 91' lang='lat' dir='ltr'>quondam,</span> <span class='ocrx_word' id='word_1_34' title='bbox 524 784 566 840; x_wconf 93' lang='lat' dir='ltr'>nt</span> <span class='ocrx_word' id='word_1_35' title='bbox 587 769 758 841; x_wconf 90' lang='lat' dir='ltr'>adversus</span> <span class='ocrx_word' id='word_1_36' title='bbox 780 771 957 842; x_wconf 84' lang='lat' dir='ltr'>Samnites</span> <span class='ocrx_word' id='word_1_37' title='bbox 980 772 1153 847; x_wconf 79' lang='lat' dir='ltr'>auxilium</span> <span class='ocrx_word' id='word_1_38' title='bbox 1172 776 1242 845; x_wconf 85' lang='lat' dir='ltr'>im-&#39;</span> 
     </span>
     <span class='ocr_line' id='line_1_6' title="bbox 175 879 1240 976; baseline 0.003 -25"><span class='ocrx_word' id='word_1_39' title='bbox 175 907 191 942; x_wconf 89' lang='lat'>«</span> <span class='ocrx_word' id='word_1_40' title='bbox 204 895 446 976; x_wconf 87' lang='lat' dir='ltr'>petraremus,</span> <span class='ocrx_word' id='word_1_41' title='bbox 467 903 536 951; x_wconf 93' lang='lat' dir='ltr'>nos</span> <span class='ocrx_word' id='word_1_42' title='bbox 554 893 751 976; x_wconf 90' lang='lat' dir='ltr'>nostraque</span> <span class='ocrx_word' id='word_1_43' title='bbox 772 879 894 948; x_wconf 88' lang='lat' dir='ltr'>omnia</span> <span class='ocrx_word' id='word_1_44' title='bbox 912 883 1083 952; x_wconf 88' lang='lat' dir='ltr'>Romanis</span> <span class='ocrx_word' id='word_1_45' title='bbox 1101 882 1240 954; x_wconf 90' lang='lat' dir='ltr'>dedidi-</span> 
     </span>
     <span class='ocr_line' id='line_1_7' title="bbox 175 978 1241 1089; baseline 0.002 -26"><span class='ocrx_word' id='word_1_46' title='bbox 175 1023 191 1056; x_wconf 77' lang='grc' dir='ltr'>α</span> <span class='ocrx_word' id='word_1_47' title='bbox 206 996 310 1066; x_wconf 80' lang='lat' dir='ltr'>mus?</span> <span class='ocrx_word' id='word_1_48' title='bbox 327 1001 405 1066; x_wconf 88' lang='lat' dir='ltr'>Jam</span> <span class='ocrx_word' id='word_1_49' title='bbox 424 1019 444 1065; x_wconf 89' lang='lat' dir='ltr'>e</span> <span class='ocrx_word' id='word_1_50' title='bbox 461 993 636 1064; x_wconf 88' lang='lat' dir='ltr'>memoria</span> <span class='ocrx_word' id='word_1_51' title='bbox 656 978 823 1080; x_wconf 82' lang='lat' dir='ltr'>exeessit,</span> <span class='ocrx_word' id='word_1_52' title='bbox 845 1015 920 1088; x_wconf 92' lang='lat' dir='ltr'>quo</span> <span class='ocrx_word' id='word_1_53' title='bbox 942 1005 1123 1089; x_wconf 88' lang='lat' dir='ltr'>tempore,</span> <span class='ocrx_word' id='word_1_54' title='bbox 1145 1008 1181 1063; x_wconf 89' lang='lat' dir='ltr'>et</span> <span class='ocrx_word' id='word_1_55' title='bbox 1202 992 1241 1065; x_wconf 85' lang='lat' dir='ltr'>iu</span> 
     </span>
     <span class='ocr_line' id='line_1_8' title="bbox 173 1090 1315 1201; baseline -0.002 -26"><span class='ocrx_word' id='word_1_56' title='bbox 173 1134 191 1167; x_wconf 69' lang='lat' dir='ltr'><strong><em>a</em></strong></span> <span class='ocrx_word' id='word_1_57' title='bbox 206 1129 278 1200; x_wconf 86' lang='lat' dir='ltr'>qua</span> <span class='ocrx_word' id='word_1_58' title='bbox 307 1104 452 1175; x_wconf 86' lang='lat' dir='ltr'>fortuna</span> <span class='ocrx_word' id='word_1_59' title='bbox 477 1129 498 1174; x_wconf 91' lang='lat' dir='ltr'>a</span> <span class='ocrx_word' id='word_1_60' title='bbox 522 1103 660 1201; x_wconf 91' lang='lat' dir='ltr'>populo</span> <span class='ocrx_word' id='word_1_61' title='bbox 685 1095 841 1173; x_wconf 88' lang='lat' dir='ltr'>romano</span> <span class='ocrx_word' id='word_1_62' title='bbox 866 1099 1126 1173; x_wconf 80' lang='lat' dir='ltr'>defecerimus?</span> <span class='ocrx_word' id='word_1_63' title='bbox 1147 1104 1240 1197; x_wconf 81' lang='lat' dir='ltr'>jam,</span> <span class='ocrx_word' id='word_1_64' title='bbox 1280 1090 1285 1096; x_wconf 57' lang='grc'><strong>’</strong></span> <span class='ocrx_word' id='word_1_65' title='bbox 1311 1186 1315 1193; x_wconf 42' lang='grc'>,</span> 
     </span>
     <span class='ocr_line' id='line_1_9' title="bbox 172 1211 1239 1310; baseline -0.001 -25"><span class='ocrx_word' id='word_1_66' title='bbox 172 1243 189 1276; x_wconf 87' lang='lat'>«</span> <span class='ocrx_word' id='word_1_67' title='bbox 203 1216 516 1310; x_wconf 51' lang='lat' dir='ltr'>quemadmodum¹</span> <span class='ocrx_word' id='word_1_68' title='bbox 530 1216 568 1283; x_wconf 92' lang='lat' dir='ltr'>in</span> <span class='ocrx_word' id='word_1_69' title='bbox 586 1212 790 1284; x_wconf 83' lang='lat' dir='ltr'>defectione</span> <span class='ocrx_word' id='word_1_70' title='bbox 804 1211 1032 1310; x_wconf 75' lang='lat' dir='ltr'>praesidium,</span> <span class='ocrx_word' id='word_1_71' title='bbox 1055 1212 1157 1310; x_wconf 92' lang='lat' dir='ltr'>quod</span> <span class='ocrx_word' id='word_1_72' title='bbox 1174 1239 1239 1310; x_wconf 91' lang='lat' dir='ltr'>po·</span> 
     </span>
     <span class='ocr_line' id='line_1_10' title="bbox 172 1323 1239 1422; baseline 0.001 -28"><span class='ocrx_word' id='word_1_73' title='bbox 172 1338 293 1394; x_wconf 86' lang='lat' dir='ltr'>«terat</span> <span class='ocrx_word' id='word_1_74' title='bbox 324 1327 465 1414; x_wconf 84' lang='lat' dir='ltr'>emitti,</span> <span class='ocrx_word' id='word_1_75' title='bbox 498 1349 564 1422; x_wconf 91' lang='lat' dir='ltr'>per</span> <span class='ocrx_word' id='word_1_76' title='bbox 599 1325 798 1395; x_wconf 85' lang='lat' dir='ltr'>cruciatum</span> <span class='ocrx_word' id='word_1_77' title='bbox 833 1339 868 1394; x_wconf 89' lang='lat' dir='ltr'>et</span> <span class='ocrx_word' id='word_1_78' title='bbox 900 1323 946 1394; x_wconf 89' lang='lat' dir='ltr'>ad</span> <span class='ocrx_word' id='word_1_79' title='bbox 981 1324 1239 1395; x_wconf 89' lang='lat' dir='ltr'>contumeliam</span> 
     </span>
     <span class='ocr_line' id='line_1_11' title="bbox 171 1432 1239 1532; baseline 0.008 -34"><span class='ocrx_word' id='word_1_80' title='bbox 171 1437 427 1508; x_wconf 74' lang='lat' dir='ltr'>«necarimusl</span> <span class='ocrx_word' id='word_1_81' title='bbox 459 1435 602 1532; x_wconf 89' lang='lat' dir='ltr'>quoties</span> <span class='ocrx_word' id='word_1_82' title='bbox 629 1435 668 1505; x_wconf 91' lang='lat' dir='ltr'>in</span> <span class='ocrx_word' id='word_1_83' title='bbox 700 1432 928 1521; x_wconf 84' lang='lat' dir='ltr'>obsidentes,</span> <span class='ocrx_word' id='word_1_84' title='bbox 956 1458 1066 1531; x_wconf 89' lang='lat' dir='ltr'>quam</span> <span class='ocrx_word' id='word_1_85' title='bbox 1093 1435 1239 1507; x_wconf 88' lang='lat' dir='ltr'>inimice</span> 
     </span>
     <span class='ocr_line' id='line_1_12' title="bbox 170 1543 1240 1645; baseline 0.001 -29"><span class='ocrx_word' id='word_1_86' title='bbox 170 1574 187 1608; x_wconf 78' lang='lat' dir='ltr'>&lt;t</span> <span class='ocrx_word' id='word_1_87' title='bbox 200 1548 444 1644; x_wconf 87' lang='lat' dir='ltr'>eruperimus,</span> <span class='ocrx_word' id='word_1_88' title='bbox 460 1559 576 1617; x_wconf 87' lang='lat' dir='ltr'>castra</span> <span class='ocrx_word' id='word_1_89' title='bbox 594 1546 903 1645; x_wconf 82' lang='lat' dir='ltr'>oppugnarimus?</span> <span class='ocrx_word' id='word_1_90' title='bbox 920 1543 1159 1624; x_wconf 88' lang='lat' dir='ltr'>Hannibalem</span> <span class='ocrx_word' id='word_1_91' title='bbox 1177 1570 1240 1617; x_wconf 91' lang='lat' dir='ltr'>vo·</span> 
     </span>
     <span class='ocr_line' id='line_1_13' title="bbox 170 1653 1239 1755; baseline 0 -29"><span class='ocrx_word' id='word_1_92' title='bbox 170 1659 398 1728; x_wconf 88' lang='lat' dir='ltr'>«caverimus</span> <span class='ocrx_word' id='word_1_93' title='bbox 422 1655 467 1727; x_wconf 91' lang='lat' dir='ltr'>ad</span> <span class='ocrx_word' id='word_1_94' title='bbox 494 1656 756 1755; x_wconf 90' lang='lat' dir='ltr'>opprimendos</span> <span class='ocrx_word' id='word_1_95' title='bbox 780 1656 870 1727; x_wconf 83' lang='lat' dir='ltr'>eos?</span> <span class='ocrx_word' id='word_1_96' title='bbox 892 1653 963 1726; x_wconf 91' lang='lat' dir='ltr'>boc</span> <span class='ocrx_word' id='word_1_97' title='bbox 987 1653 1089 1751; x_wconf 91' lang='lat' dir='ltr'>quod</span> <span class='ocrx_word' id='word_1_98' title='bbox 1113 1680 1239 1726; x_wconf 88' lang='lat' dir='ltr'>recen-</span> 
     </span>
     <span class='ocr_line' id='line_1_14' title="bbox 168 1765 1238 1866; baseline 0.004 -32"><span class='ocrx_word' id='word_1_99' title='bbox 168 1766 376 1837; x_wconf 84' lang='lat' dir='ltr'>«tissimum</span> <span class='ocrx_word' id='word_1_100' title='bbox 400 1781 475 1855; x_wconf 88' lang='lat' dir='ltr'>est,</span> <span class='ocrx_word' id='word_1_101' title='bbox 501 1766 547 1838; x_wconf 88' lang='lat' dir='ltr'>ad</span> <span class='ocrx_word' id='word_1_102' title='bbox 561 1766 845 1866; x_wconf 85' lang='lat' dir='ltr'>oppugnandam</span> <span class='ocrx_word' id='word_1_103' title='bbox 871 1769 1024 1837; x_wconf 87' lang='lat' dir='ltr'>Romam</span> <span class='ocrx_word' id='word_1_104' title='bbox 1042 1765 1129 1836; x_wconf 90' lang='lat' dir='ltr'>binc</span> <span class='ocrx_word' id='word_1_105' title='bbox 1154 1791 1238 1838; x_wconf 87' lang='lat' dir='ltr'>eum</span> 
     </span>
     <span class='ocr_line' id='line_1_15' title="bbox 167 1872 1237 1976; baseline 0.002 -30"><span class='ocrx_word' id='word_1_106' title='bbox 167 1906 182 1938; x_wconf 66' lang='grc' dir='ltr'>ίι</span> <span class='ocrx_word' id='word_1_107' title='bbox 196 1877 424 1948; x_wconf 80' lang='lat' dir='ltr'>miserimus?</span> <span class='ocrx_word' id='word_1_108' title='bbox 441 1880 514 1974; x_wconf 84' lang='lat' dir='ltr'>Age</span> <span class='ocrx_word' id='word_1_109' title='bbox 532 1872 679 1966; x_wconf 86' lang='lat' dir='ltr'>contra,</span> <span class='ocrx_word' id='word_1_110' title='bbox 695 1902 777 1976; x_wconf 86' lang='lat' dir='ltr'>quae</span> <span class='ocrx_word' id='word_1_111' title='bbox 795 1876 846 1948; x_wconf 93' lang='lat' dir='ltr'>illi</span> <span class='ocrx_word' id='word_1_112' title='bbox 860 1875 989 1948; x_wconf 80' lang='lat' dir='ltr'>infeste</span> <span class='ocrx_word' id='word_1_113' title='bbox 1006 1879 1043 1947; x_wconf 92' lang='lat' dir='ltr'>iu</span> <span class='ocrx_word' id='word_1_114' title='bbox 1063 1901 1131 1948; x_wconf 91' lang='lat' dir='ltr'>nos</span> <span class='ocrx_word' id='word_1_115' title='bbox 1144 1876 1237 1948; x_wconf 82' lang='lat' dir='ltr'>lece·</span> 
     </span>
     <span class='ocr_line' id='line_1_16' title="bbox 166 1985 1234 2084; baseline 0.007 -35"><span class='ocrx_word' id='word_1_116' title='bbox 166 2015 183 2049; x_wconf 72' lang='lat' dir='ltr'>a</span> <span class='ocrx_word' id='word_1_117' title='bbox 196 1989 289 2076; x_wconf 90' lang='lat' dir='ltr'>rint,</span> <span class='ocrx_word' id='word_1_118' title='bbox 316 1989 489 2084; x_wconf 79' lang='lat' dir='ltr'>repetite3</span> <span class='ocrx_word' id='word_1_119' title='bbox 517 2002 558 2058; x_wconf 91' lang='lat' dir='ltr'>ut</span> <span class='ocrx_word' id='word_1_120' title='bbox 581 2013 626 2058; x_wconf 83' lang='lat' dir='ltr'>ex</span> <span class='ocrx_word' id='word_1_121' title='bbox 651 2013 716 2078; x_wconf 92' lang='lat' dir='ltr'>eo,</span> <span class='ocrx_word' id='word_1_122' title='bbox 739 1987 828 2084; x_wconf 91' lang='lat' dir='ltr'>quid</span> <span class='ocrx_word' id='word_1_123' title='bbox 851 1988 1001 2084; x_wconf 86' lang='lat' dir='ltr'>speretis</span> <span class='ocrx_word' id='word_1_124' title='bbox 1011 1989 1038 2073; x_wconf 72' lang='lat'>⁴,</span> <span class='ocrx_word' id='word_1_125' title='bbox 1062 1985 1234 2057; x_wconf 86' lang='lat' dir='ltr'>babeatis.</span> 
     </span>
     <span class='ocr_line' id='line_1_17' title="bbox 167 2095 1237 2196; baseline 0.007 -37"><span class='ocrx_word' id='word_1_126' title='bbox 167 2127 184 2160; x_wconf 87' lang='lat'>«</span> <span class='ocrx_word' id='word_1_127' title='bbox 217 2102 321 2167; x_wconf 73' lang='lat' dir='ltr'>tuum</span> <span class='ocrx_word' id='word_1_128' title='bbox 339 2097 452 2168; x_wconf 88' lang='lat' dir='ltr'>bostis</span> <span class='ocrx_word' id='word_1_129' title='bbox 468 2096 668 2196; x_wconf 82' lang='lat' dir='ltr'>alienigena</span> <span class='ocrx_word' id='word_1_130' title='bbox 687 2100 725 2168; x_wconf 88' lang='lat' dir='ltr'>in</span> <span class='ocrx_word' id='word_1_131' title='bbox 747 2097 847 2168; x_wconf 86' lang='lat' dir='ltr'>ltalia</span> <span class='ocrx_word' id='word_1_132' title='bbox 867 2112 979 2186; x_wconf 90' lang='lat' dir='ltr'>esset,</span> <span class='ocrx_word' id='word_1_133' title='bbox 999 2111 1035 2166; x_wconf 88' lang='lat' dir='ltr'>et</span> <span class='ocrx_word' id='word_1_134' title='bbox 1056 2095 1237 2167; x_wconf 82' lang='lat' dir='ltr'>Hannibal</span> 
     </span>
     <span class='ocr_line' id='line_1_18' title="bbox 166 2205 1238 2298; baseline 0.007 -27"><span class='ocrx_word' id='word_1_135' title='bbox 166 2237 182 2270; x_wconf 86' lang='lat'>«</span> <span class='ocrx_word' id='word_1_136' title='bbox 194 2205 329 2298; x_wconf 89' lang='lat' dir='ltr'>hostis,</span> <span class='ocrx_word' id='word_1_137' title='bbox 352 2224 388 2279; x_wconf 93' lang='lat' dir='ltr'>et</span> <span class='ocrx_word' id='word_1_138' title='bbox 406 2223 536 2279; x_wconf 86' lang='lat' dir='ltr'>cuncta</span> <span class='ocrx_word' id='word_1_139' title='bbox 557 2207 656 2281; x_wconf 92' lang='lat' dir='ltr'>bello</span> <span class='ocrx_word' id='word_1_140' title='bbox 676 2208 865 2295; x_wconf 85' lang='lat' dir='ltr'>arderent,</span> <span class='ocrx_word' id='word_1_141' title='bbox 887 2210 1024 2280; x_wconf 89' lang='lat' dir='ltr'>omissis</span> <span class='ocrx_word' id='word_1_142' title='bbox 1044 2206 1238 2295; x_wconf 82' lang='lat' dir='ltr'>omnibus,</span> 
     </span>
     <span class='ocr_line' id='line_1_19' title="bbox 123 2317 1284 2416; baseline 0 -29"><span class='ocrx_word' id='word_1_143' title='bbox 123 2375 127 2387; x_wconf 21' lang='grc' dir='ltr'><strong>Χ</strong></span> <span class='ocrx_word' id='word_1_144' title='bbox 165 2346 181 2380; x_wconf 94' lang='lat'>«</span> <span class='ocrx_word' id='word_1_145' title='bbox 197 2319 329 2390; x_wconf 91' lang='lat' dir='ltr'>omisso</span> <span class='ocrx_word' id='word_1_146' title='bbox 345 2320 425 2416; x_wconf 92' lang='lat' dir='ltr'>ipso</span> <span class='ocrx_word' id='word_1_147' title='bbox 444 2318 664 2409; x_wconf 89' lang='lat' dir='ltr'>Hannibale,</span> <span class='ocrx_word' id='word_1_148' title='bbox 682 2317 791 2389; x_wconf 91' lang='lat' dir='ltr'>ambo</span> <span class='ocrx_word' id='word_1_149' title='bbox 810 2319 979 2390; x_wconf 89' lang='lat' dir='ltr'>consules</span> <span class='ocrx_word' id='word_1_150' title='bbox 997 2333 1033 2388; x_wconf 86' lang='lat' dir='ltr'>et</span> <span class='ocrx_word' id='word_1_151' title='bbox 1053 2317 1127 2388; x_wconf 78' lang='lat' dir='ltr'>(luo</span> <span class='ocrx_word' id='word_1_152' title='bbox 1144 2342 1234 2390; x_wconf 88' lang='lat' dir='ltr'>con·</span> <span class='ocrx_word' id='word_1_153' title='bbox 1276 2358 1284 2378; x_wconf 88' lang='lat'><strong>·</strong></span> 
     </span>
     <span class='ocr_line' id='line_1_20' title="bbox 163 2429 1233 2529; baseline 0 -31"><span class='ocrx_word' id='word_1_154' title='bbox 163 2456 179 2489; x_wconf 86' lang='lat'>«</span> <span class='ocrx_word' id='word_1_155' title='bbox 193 2429 328 2514; x_wconf 89' lang='lat' dir='ltr'>sulares</span> <span class='ocrx_word' id='word_1_156' title='bbox 340 2431 518 2501; x_wconf 87' lang='lat' dir='ltr'>exercitus</span> <span class='ocrx_word' id='word_1_157' title='bbox 529 2429 572 2500; x_wconf 88' lang='lat' dir='ltr'>ad</span> <span class='ocrx_word' id='word_1_158' title='bbox 581 2435 744 2528; x_wconf 89' lang='lat' dir='ltr'>Capuam</span> <span class='ocrx_word' id='word_1_159' title='bbox 754 2430 1036 2529; x_wconf 81' lang='lat' dir='ltr'>oppugnandam</span> <span class='ocrx_word' id='word_1_160' title='bbox 1045 2430 1233 2501; x_wconf 88' lang='lat' dir='ltr'>miseruut.</span> 
     </span>
     <span class='ocr_line' id='line_1_21' title="bbox 163 2537 1232 2638; baseline 0.004 -33"><span class='ocrx_word' id='word_1_161' title='bbox 163 2568 179 2602; x_wconf 92' lang='lat'>«</span> <span class='ocrx_word' id='word_1_162' title='bbox 193 2538 357 2610; x_wconf 87' lang='lat' dir='ltr'>Alterum</span> <span class='ocrx_word' id='word_1_163' title='bbox 370 2564 507 2611; x_wconf 91' lang='lat' dir='ltr'>annum</span> <span class='ocrx_word' id='word_1_164' title='bbox 519 2541 805 2612; x_wconf 82' lang='lat' dir='ltr'>circumvallatos</span> <span class='ocrx_word' id='word_1_165' title='bbox 815 2541 1047 2638; x_wconf 88' lang='lat' dir='ltr'>inclusosque</span> <span class='ocrx_word' id='word_1_166' title='bbox 1062 2565 1130 2611; x_wconf 91' lang='lat' dir='ltr'>nos</span> <span class='ocrx_word' id='word_1_167' title='bbox 1139 2537 1232 2610; x_wconf 85' lang='lat' dir='ltr'>fame</span> 
     </span>
     <span class='ocr_line' id='line_1_22' title="bbox 163 2651 1268 2749; baseline 0.003 -32"><span class='ocrx_word' id='word_1_168' title='bbox 163 2666 393 2739; x_wconf 82' lang='lat' dir='ltr'>«macerant,</span> <span class='ocrx_word' id='word_1_169' title='bbox 413 2667 450 2721; x_wconf 89' lang='lat' dir='ltr'>et</span> <span class='ocrx_word' id='word_1_170' title='bbox 469 2653 537 2749; x_wconf 91' lang='lat' dir='ltr'>ipsi</span> <span class='ocrx_word' id='word_1_171' title='bbox 559 2651 752 2722; x_wconf 86' lang='lat' dir='ltr'>nobiscum</span> <span class='ocrx_word' id='word_1_172' title='bbox 771 2653 897 2722; x_wconf 89' lang='lat' dir='ltr'>ultima</span> <span class='ocrx_word' id='word_1_173' title='bbox 915 2652 1077 2749; x_wconf 86' lang='lat' dir='ltr'>pericula</span> <span class='ocrx_word' id='word_1_174' title='bbox 1095 2676 1135 2722; x_wconf 89' lang='lat' dir='ltr'>ac</span> <span class='ocrx_word' id='word_1_175' title='bbox 1154 2675 1231 2749; x_wconf 87' lang='lat' dir='ltr'>gra·</span> <span class='ocrx_word' id='word_1_176' title='bbox 1264 2700 1268 2705; x_wconf 91' lang='lat'><em>-</em></span> 
     </span>
     <span class='ocr_line' id='line_1_23' title="bbox 163 2757 1231 2858; baseline 0.008 -37"><span class='ocrx_word' id='word_1_177' title='bbox 163 2786 179 2820; x_wconf 71' lang='lat' dir='ltr'>a</span> <span class='ocrx_word' id='word_1_178' title='bbox 194 2757 357 2829; x_wconf 90' lang='lat' dir='ltr'>vissimos</span> <span class='ocrx_word' id='word_1_179' title='bbox 385 2759 529 2831; x_wconf 89' lang='lat' dir='ltr'>labores</span> <span class='ocrx_word' id='word_1_180' title='bbox 556 2762 738 2858; x_wconf 90' lang='lat' dir='ltr'>perpessi,</span> <span class='ocrx_word' id='word_1_181' title='bbox 769 2764 863 2835; x_wconf 87' lang='lat' dir='ltr'>circa</span> <span class='ocrx_word' id='word_1_182' title='bbox 891 2762 1026 2832; x_wconf 88' lang='lat' dir='ltr'>vallum</span> <span class='ocrx_word' id='word_1_183' title='bbox 1052 2786 1092 2832; x_wconf 89' lang='lat' dir='ltr'>ac</span> <span class='ocrx_word' id='word_1_184' title='bbox 1120 2760 1231 2831; x_wconf 87' lang='lat' dir='ltr'>fossas</span> 
     </span>
     <span class='ocr_line' id='line_1_24' title="bbox 162 2863 1231 2969; baseline 0.004 -34"><span class='ocrx_word' id='word_1_185' title='bbox 162 2893 288 2964; x_wconf 79' lang='lat' dir='ltr'>«saepe</span> <span class='ocrx_word' id='word_1_186' title='bbox 305 2869 490 2959; x_wconf 87' lang='lat' dir='ltr'>trucidati,</span> <span class='ocrx_word' id='word_1_187' title='bbox 508 2887 544 2942; x_wconf 93' lang='lat' dir='ltr'>et</span> <span class='ocrx_word' id='word_1_188' title='bbox 561 2897 676 2969; x_wconf 90' lang='lat' dir='ltr'>prope</span> <span class='ocrx_word' id='word_1_189' title='bbox 688 2871 734 2943; x_wconf 89' lang='lat' dir='ltr'>ad</span> <span class='ocrx_word' id='word_1_190' title='bbox 746 2886 949 2942; x_wconf 84' lang='lat' dir='ltr'>extremum</span> <span class='ocrx_word' id='word_1_191' title='bbox 966 2863 1089 2942; x_wconf 86' lang='lat' dir='ltr'>castris</span> <span class='ocrx_word' id='word_1_192' title='bbox 1101 2871 1231 2941; x_wconf 46' lang='lat' dir='ltr'>exsuti,</span> 
     </span>
     <span class='ocr_line' id='line_1_25' title="bbox 160 2979 1230 3078; baseline 0.001 -30"><span class='ocrx_word' id='word_1_193' title='bbox 160 2980 260 3049; x_wconf 82' lang='lat' dir='ltr'>«Sed</span> <span class='ocrx_word' id='word_1_194' title='bbox 279 2981 409 3050; x_wconf 89' lang='lat' dir='ltr'>omitto</span> <span class='ocrx_word' id='word_1_195' title='bbox 433 2979 507 3051; x_wconf 80' lang='lat' dir='ltr'>haec</span> <span class='ocrx_word' id='word_1_196' title='bbox 519 2997 639 3052; x_wconf 90' lang='lat' dir='ltr'>:vetus</span> <span class='ocrx_word' id='word_1_197' title='bbox 662 2996 771 3078; x_wconf 91' lang='lat' dir='ltr'>atque</span> <span class='ocrx_word' id='word_1_198' title='bbox 788 2985 918 3054; x_wconf 89' lang='lat' dir='ltr'>usitata</span> <span class='ocrx_word' id='word_1_199' title='bbox 936 3007 994 3052; x_wconf 90' lang='lat' dir='ltr'>res</span> <span class='ocrx_word' id='word_1_200' title='bbox 1013 2995 1081 3069; x_wconf 90' lang='lat' dir='ltr'>est,</span> <span class='ocrx_word' id='word_1_201' title='bbox 1102 2982 1140 3050; x_wconf 92' lang='lat' dir='ltr'>in</span> <span class='ocrx_word' id='word_1_202' title='bbox 1153 2981 1230 3077; x_wconf 86' lang='lat' dir='ltr'>&#39;op-</span> 
     </span>
     <span class='ocr_line' id='line_1_26' title="bbox 160 3087 1232 3190; baseline 0 -32"><span class='ocrx_word' id='word_1_203' title='bbox 160 3119 176 3152; x_wconf 85' lang='lat'>«</span> <span class='ocrx_word' id='word_1_204' title='bbox 190 3087 387 3185; x_wconf 87' lang='lat' dir='ltr'>pugnanda</span> <span class='ocrx_word' id='word_1_205' title='bbox 411 3088 571 3160; x_wconf 89' lang='lat' dir='ltr'>hostium</span> <span class='ocrx_word' id='word_1_206' title='bbox 596 3091 689 3163; x_wconf 90' lang='lat' dir='ltr'>urbe</span> <span class='ocrx_word' id='word_1_207' title='bbox 718 3092 861 3164; x_wconf 85' lang='lat' dir='ltr'>labores</span> <span class='ocrx_word' id='word_1_208' title='bbox 887 3118 926 3164; x_wconf 88' lang='lat' dir='ltr'>ac</span> <span class='ocrx_word' id='word_1_209' title='bbox 954 3091 1113 3190; x_wconf 87' lang='lat' dir='ltr'>pericula</span> <span class='ocrx_word' id='word_1_210' title='bbox 1141 3092 1232 3187; x_wconf 86' lang='lat' dir='ltr'>pati..</span> 
     </span>
     <span class='ocr_line' id='line_1_27' title="bbox 159 3197 1228 3296; baseline 0.002 -28"><span class='ocrx_word' id='word_1_211' title='bbox 159 3197 283 3268; x_wconf 89' lang='lat' dir='ltr'>«Illud</span> <span class='ocrx_word' id='word_1_212' title='bbox 302 3201 362 3268; x_wconf 71' lang='lat' dir='ltr'>irae</span> <span class='ocrx_word' id='word_1_213' title='bbox 385 3213 495 3296; x_wconf 89' lang='lat' dir='ltr'>atque</span> <span class='ocrx_word' id='word_1_214' title='bbox 514 3199 589 3269; x_wconf 91' lang='lat' dir='ltr'>odii</span> <span class='ocrx_word' id='word_1_215' title='bbox 609 3198 836 3271; x_wconf 75' lang='lat' dir='ltr'>exsecrabilis</span> <span class='ocrx_word' id='word_1_216' title='bbox 853 3201 1028 3272; x_wconf 88' lang='lat' dir='ltr'>indicium</span> <span class='ocrx_word' id='word_1_217' title='bbox 1048 3215 1110 3270; x_wconf 86' lang='lat' dir='ltr'>est.</span> <span class='ocrx_word' id='word_1_218' title='bbox 1133 3205 1228 3270; x_wconf 81' lang='lat' dir='ltr'>Han·</span> 
     </span>
     <span class='ocr_line' id='line_1_28' title="bbox 160 3307 1230 3410; baseline 0.008 -38"><span class='ocrx_word' id='word_1_219' title='bbox 160 3307 290 3379; x_wconf 87' lang='lat' dir='ltr'>«nibal</span> <span class='ocrx_word' id='word_1_220' title='bbox 314 3309 524 3406; x_wconf 85' lang='lat' dir='ltr'>ingentibus</span> <span class='ocrx_word' id='word_1_221' title='bbox 542 3310 657 3406; x_wconf 85' lang='lat' dir='ltr'>copiis</span> <span class='ocrx_word' id='word_1_222' title='bbox 673 3310 838 3407; x_wconf 89' lang='lat' dir='ltr'>peditum</span> <span class='ocrx_word' id='word_1_223' title='bbox 858 3313 1096 3410; x_wconf 89' lang='lat' dir='ltr'>equitumque</span> <span class='ocrx_word' id='word_1_224' title='bbox 1114 3322 1230 3381; x_wconf 85' lang='lat' dir='ltr'>castra</span> 
     </span>
    </p>
   </div>
   <div class='ocr_carea' id='block_1_2' title="bbox 157 3506 1229 4134">
    <p class='ocr_par' dir='ltr' id='par_1_2' title="bbox 157 3506 1229 4134">
     <span class='ocr_line' id='line_1_29' title="bbox 194 3506 1227 3579; baseline 0.004 -22"><span class='ocrx_word' id='word_1_225' title='bbox 194 3513 218 3558; x_wconf 74' lang='lat'>3.</span> <span class='ocrx_word' id='word_1_226' title='bbox 228 3514 292 3559; x_wconf 77' lang='lat' dir='ltr'>Eam</span> <span class='ocrx_word' id='word_1_227' title='bbox 301 3514 447 3561; x_wconf 68' lang='lat' dir='ltr'>deditionem</span> <span class='ocrx_word' id='word_1_228' title='bbox 448 3512 521 3579; x_wconf 80' lang='lat' dir='ltr'>fore,</span> <span class='ocrx_word' id='word_1_229' title='bbox 532 3513 597 3560; x_wconf 82' lang='lat' dir='ltr'>bauo</span> <span class='ocrx_word' id='word_1_230' title='bbox 605 3513 670 3559; x_wconf 75' lang='lat' dir='ltr'>simi-</span> <span class='ocrx_word' id='word_1_231' title='bbox 714 3506 770 3553; x_wconf 67' lang='lat' dir='ltr'>Vide</span> <span class='ocrx_word' id='word_1_232' title='bbox 780 3509 870 3556; x_wconf 70' lang='lat' dir='ltr'>XXIII</span> <span class='ocrx_word' id='word_1_233' title='bbox 879 3541 886 3566; x_wconf 65' lang='lat' dir='ltr'>s</span> <span class='ocrx_word' id='word_1_234' title='bbox 898 3523 924 3554; x_wconf 82' lang='lat'>1¹·</span> <span class='ocrx_word' id='word_1_235' title='bbox 933 3526 957 3568; x_wconf 83' lang='lat'>7·</span> <span class='ocrx_word' id='word_1_236' title='bbox 966 3508 1060 3554; x_wconf 84' lang='lat' dir='ltr'>-Hoc</span> <span class='ocrx_word' id='word_1_237' title='bbox 1069 3506 1148 3569; x_wconf 83' lang='lat' dir='ltr'>quod,</span> <span class='ocrx_word' id='word_1_238' title='bbox 1163 3507 1227 3554; x_wconf 71' lang='lat' dir='ltr'>f01&#39;t0</span> 
     </span>
     <span class='ocr_line' id='line_1_30' title="bbox 157 3585 997 3654; baseline 0.01 -19"><span class='ocrx_word' id='word_1_239' title='bbox 157 3590 206 3636; x_wconf 89' lang='lat' dir='ltr'>lem</span> <span class='ocrx_word' id='word_1_240' title='bbox 217 3591 251 3649; x_wconf 88' lang='lat' dir='ltr'>ei,</span> <span class='ocrx_word' id='word_1_241' title='bbox 263 3607 313 3654; x_wconf 83' lang='lat' dir='ltr'>qua</span> <span class='ocrx_word' id='word_1_242' title='bbox 322 3592 456 3654; x_wconf 83' lang='lat' dir='ltr'>quondam,</span> <span class='ocrx_word' id='word_1_243' title='bbox 467 3602 529 3651; x_wconf 87' lang='lat' dir='ltr'>etc.;</span> <span class='ocrx_word' id='word_1_244' title='bbox 541 3591 598 3639; x_wconf 87' lang='lat' dir='ltr'>vide</span> <span class='ocrx_word' id='word_1_245' title='bbox 607 3592 668 3651; x_wconf 85' lang='lat' dir='ltr'>vn,</span> <span class='ocrx_word' id='word_1_246' title='bbox 712 3585 759 3649; x_wconf 71' lang='lat' dir='ltr'>leg·</span> <span class='ocrx_word' id='word_1_247' title='bbox 768 3603 812 3644; x_wconf 70' lang='lat' dir='ltr'>ac,</span> <span class='ocrx_word' id='word_1_248' title='bbox 828 3585 907 3649; x_wconf 68' lang='lat' dir='ltr'>thd,</span> <span class='ocrx_word' id='word_1_249' title='bbox 922 3588 997 3634; x_wconf 66' lang='lat' dir='ltr'><strong>Doer·</strong></span> 
     </span>
     <span class='ocr_line' id='line_1_31' title="bbox 160 3662 1229 3734; baseline -0.002 -20"><span class='ocrx_word' id='word_1_250' title='bbox 160 3670 191 3715; x_wconf 85' lang='lat'>31</span> <span class='ocrx_word' id='word_1_251' title='bbox 202 3685 209 3725; x_wconf 70' lang='grc' dir='ltr'><strong>ς</strong></span> <span class='ocrx_word' id='word_1_252' title='bbox 219 3670 294 3728; x_wconf 86' lang='lat' dir='ltr'>VIII,</span> <span class='ocrx_word' id='word_1_253' title='bbox 312 3685 351 3718; x_wconf 87' lang='lat'>11.</span> <span class='ocrx_word' id='word_1_254' title='bbox 365 3697 400 3708; x_wconf 90' lang='lat'>--</span> <span class='ocrx_word' id='word_1_255' title='bbox 414 3671 468 3732; x_wconf 84' lang='lat' dir='ltr'>Quo</span> <span class='ocrx_word' id='word_1_256' title='bbox 479 3683 601 3734; x_wconf 79' lang='lat' dir='ltr'>temporo,</span> <span class='ocrx_word' id='word_1_257' title='bbox 615 3670 668 3718; x_wconf 85' lang='lat' dir='ltr'>soil.</span> <span class='ocrx_word' id='word_1_258' title='bbox 748 3674 771 3720; x_wconf 79' lang='grc'>4.</span> <span class='ocrx_word' id='word_1_259' title='bbox 778 3665 885 3728; x_wconf 79' lang='lat' dir='ltr'>Repetite</span> <span class='ocrx_word' id='word_1_260' title='bbox 893 3665 1022 3722; x_wconf 86' lang='lat' dir='ltr'>memoria,</span> <span class='ocrx_word' id='word_1_261' title='bbox 1036 3676 1101 3710; x_wconf 80' lang='lat' dir='ltr'>ntea·</span> <span class='ocrx_word' id='word_1_262' title='bbox 1111 3680 1155 3720; x_wconf 82' lang='lat' dir='ltr'>eo,</span> <span class='ocrx_word' id='word_1_263' title='bbox 1166 3662 1229 3727; x_wconf 84' lang='lat' dir='ltr'>quid</span> 
     </span>
     <span class='ocr_line' id='line_1_32' title="bbox 158 3743 1223 3814; baseline -0.006 -20"><span class='ocrx_word' id='word_1_264' title='bbox 158 3748 311 3811; x_wconf 81' lang='lat' dir='ltr'>iniquissimo</span> <span class='ocrx_word' id='word_1_265' title='bbox 324 3749 453 3808; x_wconf 81' lang='lat' dir='ltr'>Romanis,</span> <span class='ocrx_word' id='word_1_266' title='bbox 472 3760 497 3796; x_wconf 84' lang='lat' dir='ltr'>et</span> <span class='ocrx_word' id='word_1_267' title='bbox 513 3749 537 3796; x_wconf 83' lang='lat' dir='ltr'>in</span> <span class='ocrx_word' id='word_1_268' title='bbox 554 3765 604 3812; x_wconf 85' lang='lat' dir='ltr'>qua</span> <span class='ocrx_word' id='word_1_269' title='bbox 610 3748 668 3814; x_wconf 70' lang='lat' dir='ltr'>fiir-</span> <span class='ocrx_word' id='word_1_270' title='bbox 711 3745 824 3808; x_wconf 82' lang='lat' dir='ltr'>speretis,</span> <span class='ocrx_word' id='word_1_271' title='bbox 836 3743 955 3801; x_wconf 75' lang='lat' dir='ltr'>habeatis,</span> <span class='ocrx_word' id='word_1_272' title='bbox 968 3745 1062 3802; x_wconf 78' lang='lat' dir='ltr'>sciatis,</span> <span class='ocrx_word' id='word_1_273' title='bbox 1075 3744 1223 3807; x_wconf 82' lang='lat' dir='ltr'>intelligatis.</span> 
     </span>
     <span class='ocr_line' id='line_1_33' title="bbox 158 3823 1224 3887; baseline -0.005 -12"><span class='ocrx_word' id='word_1_274' title='bbox 158 3839 218 3875; x_wconf 82' lang='lat' dir='ltr'>tuna</span> <span class='ocrx_word' id='word_1_275' title='bbox 232 3842 330 3884; x_wconf 87' lang='lat' dir='ltr'>eorum,</span> <span class='ocrx_word' id='word_1_276' title='bbox 344 3828 396 3876; x_wconf 83' lang='lat' dir='ltr'>soil.</span> <span class='ocrx_word' id='word_1_277' title='bbox 411 3827 545 3877; x_wconf 83' lang='lat' dir='ltr'>admodum</span> <span class='ocrx_word' id='word_1_278' title='bbox 557 3827 631 3876; x_wconf 86' lang='lat' dir='ltr'>dubia</span> <span class='ocrx_word' id='word_1_279' title='bbox 643 3839 667 3876; x_wconf 85' lang='lat' dir='ltr'>et</span> <span class='ocrx_word' id='word_1_280' title='bbox 712 3825 792 3872; x_wconf 80' lang='lat' dir='ltr'>Possis</span> <span class='ocrx_word' id='word_1_281' title='bbox 803 3834 828 3871; x_wconf 88' lang='lat' dir='ltr'>et</span> <span class='ocrx_word' id='word_1_282' title='bbox 835 3825 937 3885; x_wconf 83' lang='lat' dir='ltr'>jungere</span> <span class='ocrx_word' id='word_1_283' title='bbox 950 3839 982 3870; x_wconf 81' lang='lat' dir='ltr'>ex</span> <span class='ocrx_word' id='word_1_284' title='bbox 995 3839 1023 3870; x_wconf 82' lang='lat' dir='ltr'>eo</span> <span class='ocrx_word' id='word_1_285' title='bbox 1036 3840 1060 3887; x_wconf 88' lang='lat' dir='ltr'>q.</span> <span class='ocrx_word' id='word_1_286' title='bbox 1071 3840 1091 3870; x_wconf 85' lang='lat' dir='ltr'>s.</span> <span class='ocrx_word' id='word_1_287' title='bbox 1100 3851 1135 3859; x_wconf 91' lang='lat'><em>-</em></span> <span class='ocrx_word' id='word_1_288' title='bbox 1144 3823 1224 3870; x_wconf 84' lang='lat' dir='ltr'>Ambo</span> 
     </span>
     <span class='ocr_line' id='line_1_34' title="bbox 157 3901 1228 3972; baseline -0.002 -17"><span class='ocrx_word' id='word_1_289' title='bbox 157 3908 265 3972; x_wconf 84' lang='lat' dir='ltr'>ancipite</span> <span class='ocrx_word' id='word_1_290' title='bbox 274 3906 307 3952; x_wconf 95' lang='lat' dir='ltr'>ob</span> <span class='ocrx_word' id='word_1_291' title='bbox 316 3905 406 3954; x_wconf 86' lang='lat' dir='ltr'>bellum</span> <span class='ocrx_word' id='word_1_292' title='bbox 418 3923 473 3954; x_wconf 83' lang='lat' dir='ltr'>rum</span> <span class='ocrx_word' id='word_1_293' title='bbox 483 3908 565 3954; x_wconf 82' lang='lat' dir='ltr'>Poenis</span> <span class='ocrx_word' id='word_1_294' title='bbox 576 3908 667 3970; x_wconf 79' lang='lat' dir='ltr'>gravis-</span> <span class='ocrx_word' id='word_1_295' title='bbox 712 3903 820 3950; x_wconf 82' lang='lat' dir='ltr'>consules</span> <span class='ocrx_word' id='word_1_296' title='bbox 842 3913 865 3948; x_wconf 86' lang='lat' dir='ltr'>et</span> <span class='ocrx_word' id='word_1_297' title='bbox 886 3901 945 3948; x_wconf 85' lang='lat' dir='ltr'>duo.</span> <span class='ocrx_word' id='word_1_298' title='bbox 969 3905 1007 3950; x_wconf 80' lang='lat' dir='ltr'>Ita</span> <span class='ocrx_word' id='word_1_299' title='bbox 1028 3918 1075 3966; x_wconf 88' lang='lat' dir='ltr'>pro</span> <span class='ocrx_word' id='word_1_300' title='bbox 1097 3903 1181 3949; x_wconf 85' lang='lat' dir='ltr'>ambos</span> <span class='ocrx_word' id='word_1_301' title='bbox 1199 3912 1228 3953; x_wconf 81' lang='lat' dir='ltr'>et</span> 
     </span>
     <span class='ocr_line' id='line_1_35' title="bbox 157 3981 1222 4048; baseline -0.005 -13"><span class='ocrx_word' id='word_1_302' title='bbox 157 3989 260 4046; x_wconf 80' lang='lat' dir='ltr'>simum3</span> <span class='ocrx_word' id='word_1_303' title='bbox 275 3987 350 4032; x_wconf 82' lang='lat' dir='ltr'>Doer.</span> <span class='ocrx_word' id='word_1_304' title='bbox 364 4013 400 4022; x_wconf 91' lang='lat'>--</span> <span class='ocrx_word' id='word_1_305' title='bbox 415 3983 624 4048; x_wconf 66' lang='lat' dir='ltr'>&#39;Quemadmdum</span> <span class='ocrx_word' id='word_1_306' title='bbox 642 3986 667 4032; x_wconf 83' lang='lat' dir='ltr'>in</span> <span class='ocrx_word' id='word_1_307' title='bbox 712 3982 772 4029; x_wconf 85' lang='lat' dir='ltr'>duos</span> <span class='ocrx_word' id='word_1_308' title='bbox 789 3983 901 4030; x_wconf 82' lang='lat' dir='ltr'>Gronov.</span> <span class='ocrx_word' id='word_1_309' title='bbox 922 4000 935 4030; x_wconf 90' lang='lat' dir='ltr'>e</span> <span class='ocrx_word' id='word_1_310' title='bbox 954 3983 1011 4029; x_wconf 91' lang='lat' dir='ltr'>Put.</span> <span class='ocrx_word' id='word_1_311' title='bbox 1030 3982 1124 4045; x_wconf 82' lang='lat' dir='ltr'>vulgari</span> <span class='ocrx_word' id='word_1_312' title='bbox 1136 3981 1208 4041; x_wconf 83' lang='lat' dir='ltr'>jussit</span> <span class='ocrx_word' id='word_1_313' title='bbox 1214 3999 1222 4040; x_wconf 78' lang='lat'><em>3</em></span> 
     </span>
     <span class='ocr_line' id='line_1_36' title="bbox 158 4050 1042 4134; baseline -0.011 -17"><span class='ocrx_word' id='word_1_314' title='bbox 158 4064 666 4134; x_wconf 69' lang='lat' dir='ltr'>defiettbnepraesidiumllommarimus5</span> <span class='ocrx_word' id='word_1_315' title='bbox 712 4062 753 4109; x_wconf 86' lang='lat' dir='ltr'>cui</span> <span class='ocrx_word' id='word_1_316' title='bbox 765 4050 894 4117; x_wconf 82' lang='lat' dir='ltr'>assentitur</span> <span class='ocrx_word' id='word_1_317' title='bbox 908 4059 983 4110; x_wconf 81' lang='lat' dir='ltr'>Drak.</span> <span class='ocrx_word' id='word_1_318' title='bbox 996 4062 1042 4108; x_wconf 74' lang='lat' dir='ltr'>Eo,</span> 
     </span>
    </p>
   </div>
   <div class='ocr_carea' id='block_1_3' title="bbox 0 0 1388 4574">
    <p class='ocr_par' dir='ltr' id='par_1_3' title="bbox 0 0 1388 4574">
     <span class='ocr_line' id='line_1_37' title="bbox 0 0 1388 4574; baseline 0 7"><span class='ocrx_word' id='word_1_319' title='bbox 0 0 1388 4574; x_wconf 95' lang='lat' dir='ltr'> </span> 
     </span>
    </p>
   </div>
  </div>
 </body>
</html>
