2768 4574
194 319 262 395 262
619 320 659 386 r.
692 318 834 386 clvii
1115 298 1245 406 32:322

193 444 241 515 do
264 441 403 538 aliquid
427 454 612 527 moveret,
637 463 708 535 qua
735 439 953 536 coepissent,
976 432 1179 522 fluerent³‚
1210 437 1271 509 di·

191 555 324 625 micare
356 575 467 649 quam
497 551 656 649 primum
682 550 818 620 statuit.
844 549 966 646 Scipio
989 547 1129 619 avidior
1154 549 1271 619 etiam

192 663 400 735 certaminis
419 675 514 749 erat,
534 685 649 757 quum
666 684 688 730 a
705 684 787 758 spe,
805 685 916 757 quam
938 683 1124 731 successus
1137 685 1269 731 rerum

191 773 364 874 augebat,
379 787 457 844 tum
471 771 571 870 quod
586 772 704 870 prius,
719 797 831 870 quam
843 773 1086 870 jungerentur
1100 770 1272 843 hostium

191 887 388 972 exercitus,
404 908 487 956 cum
501 908 579 954 uno
590 881 761 954 dimicare
776 882 868 955 duce
887 883 1135 980 exercituque,
1151 908 1271 980 quam

191 996 300 1069 simul
312 1020 396 1067 cum
406 996 603 1082 universis,
616 992 786 1066 malebat.
803 999 981 1066 Caeterum
994 995 1121 1083 etiam,
1133 994 1164 1065 si
1179 1019 1272 1067 cum

190 1105 359 1206 pluribus
374 1108 508 1205 pariter
529 1105 777 1177 dimicandum
795 1105 907 1194 foret,
928 1120 1004 1176 arte
1027 1104 1187 1202 quadam
1206 1131 1273 1177 co-

189 1218 268 1316 pias
281 1231 430 1289 auxerat
446 1243 453 1286 :
467 1241 552 1287 nam
567 1240 682 1313 quum
697 1216 856 1302 videret,
871 1215 1014 1288 nullum
1024 1239 1101 1287 csse
1113 1216 1272 1287 navium

84 1348 86 1355 ’
190 1353 317 1416 usum,
332 1329 418 1425 quia
432 1351 545 1397 vacua
560 1327 679 1397 omnis
696 1326 876 1423 Hispaniae
892 1350 956 1397 ora
974 1323 1149 1397 classibus
1159 1327 1273 1422 puni·

191 1441 243 1512 cis
261 1455 359 1528 erat,
384 1437 574 1510 subductis
595 1436 772 1508 navibusl
790 1442 1011 1525 Tarracone,
1030 1436 1179 1507 navales
1208 1461 1271 1508 so·

191 1550 267 1622 cios
290 1547 525 1619 terrestribus
550 1548 663 1644 copiis
685 1545 834 1617 addidit.
854 1552 899 1618 Et
916 1571 1105 1619 armorum
1126 1545 1272 1618 affatim

192 1675 270 1731 erat
288 1674 480 1756 captorum
501 1657 736 1757 Carthagine,
755 1672 791 1729 et
811 1683 892 1754 quae
914 1673 997 1756 post
1022 1672 1165 1756 captam
1187 1683 1273 1730 eam

191 1768 328 1842 lecerat
337 1766 364 1856 ⁵,
380 1783 482 1840 tanto
498 1767 674 1864 opificum
691 1793 849 1840 numero
864 1768 1018 1855 incluso.
1037 1772 1132 1839 Cum
1145 1769 1192 1840 iis
1207 1795 1271 1841 co·

136 1959 139 1973 ¹
191 1882 261 1977 piis
288 1879 409 1975 Scipio
436 1879 531 1948 veris
560 1879 742 1976 principio
774 1877 820 1949 ab
845 1883 1048 1950 Tarracone
1074 1902 1271 1976 egressae,

194 1989 287 2086 (jam
300 1989 398 2060 enim
415 2001 452 2058 et
462 1986 591 2058 Laelius
605 1989 762 2060 redierat
776 1987 822 2060 ab
832 1994 967 2077 Roma,
984 1991 1064 2061 siue
1082 2015 1160 2086 quo
1172 1991 1273 2063 nihil

194 2099 341 2193 majoris
354 2099 409 2168 rei
420 2112 562 2168 motum
577 2097 737 2194 volebat)
749 2099 883 2170 ducere
898 2100 944 2172 ad
954 2095 1119 2173 hostem⁶
1132 2103 1271 2199 pergit.

191 2212 260 2278 Per
274 2208 396 2277 omnia
406 2220 530 2303 pacata
537 2208 653 2295 eunti,
664 2222 705 2278 ut
719 2209 896 2306 cujusque
909 2210 1038 2308 populi
1050 2209 1143 2283 fines
1158 2225 1275 2284 trans

24 2384 29 2405 ,
103 2320 106 2325 '
191 2318 279 2405 iret,
296 2315 606 2414 prosequentibus
627 2319 967 2418 excipientibusque
984 2322 1108 2409 sociis,
1126 2321 1273 2393 ludibi-

191 2427 235 2498 lis
250 2443 286 2499 et
297 2425 516 2499 Mandonius
528 2453 611 2499 cum
624 2433 697 2500 suis
708 2431 823 2529 copiis
833 2447 1082 2503 occurrerunt.
1096 2431 1273 2505 Indibilis

194 2563 264 2637 pro
288 2554 446 2636 utroque
475 2540 672 2637 loquutus,
700 2540 987 2640 haudquaquam
1015 2557 1058 2615 ut
1083 2542 1275 2617 barbarus

193 2649 324 2721 stolide
338 2650 576 2747 incauteque,
597 2650 661 2722 sed
678 2653 800 2748 potius
819 2678 904 2724 cum
920 2654 1126 2728 verecunda
1145 2661 1272 2752 gravi·

192 2775 285 2849 tate,
301 2761 526 2859 propiorque
549 2763 734 2832 excusanti
761 2766 1014 2838 transitionem
1034 2779 1076 2836 ut
1095 2791 1273 2839 necessa-

100 2888 102 2893 ’
193 2873 303 2961 riam,
325 2897 436 2968 quam
456 2872 623 2969 glorianti
640 2897 721 2944 eam
742 2874 844 2946 velut
861 2878 1017 2974 primam
1032 2878 1273 2951 occasionem

193 2997 345 3081 raptam.
362 2986 459 3053 Scire
473 2988 638 3071 enimse,
653 2987 853 3083 nanffugoe
870 3000 1023 3061 nomem
1040 2990 1276 3062 exsecrabile

192 3092 374 3165 veteribus
390 3098 506 3180 soctz's,
523 3100 622 3164 nort's
639 3112 842 3191 suspectum
860 3123 936 3169 esse
953 3126 964 3168 .·
987 3124 1105 3197 neque
1121 3124 1214 3171 eum
1231 3126 1275 3172 se

194 3202 455 3301 reprehendere
462 3228 598 3274 morem
607 3205 813 3295 bominum,
824 3215 858 3278 si
865 3226 986 3280 tamea
994 3233 1129 3307 anceJJs
1136 3211 1274 3282 odium

230 3364 255 3410 3.
268 3363 324 3424 Qua
336 3362 431 3410 ratione
447 3360 509 3427 (nisi
520 3363 568 3428 leg.
581 3367 645 3432 quo)
659 3383 706 3414 cor·
749 3385 815 3416 mero
831 3369 937 3429 inchoo,
952 3381 1095 3436 propterea,
1108 3370 1137 3418 ln
1155 3370 1275 3424 officinis

190 3441 297 3508 pissent,
304 3442 415 3511 fluerent
429 3458 479 3502 rea3
501 3461 524 3491 v.
538 3445 570 3492 ad
582 3447 644 3505 VII,
659 3461 705 3508 29,
749 3451 940 3498 armamentariis
956 3467 985 3499 ac
1001 3451 1146 3512 navalibm3
1157 3453 1226 3504 vida
1239 3455 1275 3504 ad

193 3539 218 3570 n.
230 3524 254 3570 3.
264 3551 299 3558 -
311 3524 389 3585 Quum
399 3539 480 3588 aspe,·
490 3525 548 3572 vide
557 3542 630 3590 supra
638 3529 670 3576 ad
679 3530 704 3586 1,
748 3530 849 3587 XXVI,
865 3529 907 3577 51.

197 3618 225 3661 1,
240 3602 298 3650 n.5.
783 3608 809 3655 6.
824 3611 920 3656 Ducere
928 3609 966 3657 ad
971 3611 1065 3658 hostem
1071 3609 1171 3674 pergit,
1183 3625 1217 3662 ut
1225 3613 1273 3663 lib.

228 3691 252 3739 4,
262 3683 390 3732 Subductis
399 3683 515 3741 naribus‚·
523 3685 575 3733 vid.
586 3685 618 3733 ad
626 3688 705 3748 VIII,
747 3688 867 3747 XXXII,
876 3690 893 3736 6
903 3706 943 3754 pr.
957 3692 1030 3739 Conf.
1040 3691 1072 3738 ad
1083 3693 1108 3750 1,
1118 3692 1153 3739 23
1161 3726 1171 3751 ‚
1180 3708 1209 3742 ιι.
1219 3702 1247 3751 4.

192 3762 240 3821 ab,
256 3779 282 3810 n.
294 3779 317 3810 1.
330 3790 365 3800 -
378 3765 486 3812 Navales
498 3764 577 3812 socios
589 3767 703 3816 terrestri·
784 3784 807 3827 7.
815 3768 881 3816 Scire
891 3770 955 3817 enim
965 3787 1005 3830 se,
1016 3767 1274 3835 transfitgoenomm,

191 3842 234 3889 lus
243 3842 319 3906 copiis
330 3842 430 3890 addidit
434 3861 444 3900 ;
454 3843 511 3892 vide
522 3861 595 3910 supra
607 3846 639 3894 ad
650 3849 700 3906 IX,
746 3857 793 3896 etc.
804 3849 873 3911 quasi
884 3849 915 3897 ab
924 3849 1038 3915 Thucyd.
1046 3851 1095 3908 111,
1107 3864 1139 3912 9,
1149 3850 1277 3920 tampsi:-

190 3921 235 3980 38,
251 3939 277 3968 ιι.
293 3937 315 3968 ι.
745 3938 796 3987 set3
810 3929 888 3975 Gron.
899 3957 935 3966 -
947 3932 1044 3994 Anceps
1056 3927 1144 3978 odium
1158 3936 1277 3985 tranfu-

225 4002 249 4049 5.
266 4003 327 4063 Quae
336 4013 396 4065 pose
409 4013 509 4065 captam
523 4019 579 4051 eam
587 4002 699 4068 fecerat,
745 4020 841 4069 garum,
855 4020 1009 4058 contractum
1021 4021 1071 4058 tam
1083 4011 1154 4075 apud
1166 4029 1232 4076 eoa,
1241 4016 1276 4065 ad

186 4080 298 4130 facienda
309 4093 444 4140 curaverat,
457 4093 526 4132 tauto
535 4083 649 4152 opficum
658 4101 702 4132 nu·
746 4101 808 4150 quoa
816 4088 948 4153 accedunt,
958 4106 1031 4157 quam
1040 4089 1109 4156 apud
1117 4088 1197 4156 illos,
1205 4110 1279 4163 (μοι
