2768 4574
194 341 259 431 at
615 340 652 405 r.
688 338 829 439 mvn
1017 374 1021 383 ,
1102 318 1232 428 stra:

189 483 235 526 ne
251 463 332 554 quis
346 461 472 525 timore
473 457 623 546 frenari
635 483 694 529 eos
710 459 828 530 dicere
831 475 974 555 posset,
989 466 1193 556 quominus
1208 462 1259 534 de

189 592 232 638 eo
247 567 356 637 libere
369 584 581 664 querantur,
597 575 634 638 in
648 572 749 664 cujus
751 585 932 666 potestate
945 595 1033 639 moa
1031 571 1160 660 futuri
1169 578 1261 660 sint,

187 683 220 785 si
229 677 375 772 collega
388 676 483 746 nzltil
492 684 636 764 intersit,
648 695 788 750 mutare
797 704 836 748 se
840 685 1069 776 prouinciam
1073 696 1259 777 paratum

186 812 271 858 esse.
291 793 490 886 Deprecari
504 805 649 858 senatus
660 790 940 887 praejuditium,-
957 814 1043 858 nam
1057 814 1260 887 quameu-

151 981 153 985 .
186 912 243 967 tra
260 914 389 967 sortem
407 897 552 994 collega
570 905 751 996 optionem
773 901 856 969 dari
866 905 1067 996 prouincia
1086 905 1278 997 iniquum,-

183 1002 312 1094 fuerit,·
328 1024 465 1104 quanto
481 1011 655 1103 majorem
670 1012 856 1104 injuriam,
874 1016 984 1080 immo
998 1009 1260 1081 contumeliam

187 1138 280 1204 esse,
306 1136 436 1188 sortem
458 1144 564 1189 suam
588 1120 641 1189 ad
663 1146 745 1190 eum
769 1122 956 1210 transferri
966 1124 985 1190 i
1010 1126 1063 1191 Ita
1086 1134 1259 1210 senatus,

185 1253 318 1327 quum,
331 1230 417 1326 quid
434 1230 608 1326 placeret,
621 1232 732 1327 magis
746 1230 976 1319 ostendisset,
995 1254 1104 1327 quam
1114 1229 1262 1300 decres-

185 1351 257 1424 set',
279 1339 482 1410 dimittitur.
505 1345 603 1411 Inter
621 1341 719 1438 ipsos
742 1342 909 1412 consules
928 1342 1145 1440 permutatio
1163 1352 1260 1438 pror

184 1450 399 1536 vinciarum,
421 1452 584 1546 rapiente
604 1449 679 1521 lato
698 1452 907 1522 Marcellum
932 1452 977 1522 ad
994 1448 1261 1540 Hannibalem,

184 1558 275 1630 facta
292 1574 366 1646 est,
385 1574 441 1647 ut,
459 1586 502 1630 ex
519 1558 594 1657 quo
611 1564 748 1659 primus
762 1561 918 1632 adversae
931 1555 1084 1658 pugnae⁶
1103 1558 1262 1656 gloriam

185 1687 347 1768 ceperat,
363 1674 401 1741 in
420 1672 497 1766 ejus
517 1672 659 1742 laudem
675 1686 881 1768 postremus
896 1694 1132 1741 romanorum
1146 1669 1263 1765 impe·

184 1797 360 1869 ratarum,
371 1784 553 1879 prosperis
566 1797 641 1851 tum
652 1782 806 1850 maxime
818 1779 955 1850 bellicis
965 1778 1086 1869 rebus,
1097 1778 1258 1850 caderet.

232 1898 343 1962 XXX.
363 1893 578 1981 Permutatis
591 1892 804 1987 provinciis,
823 1890 952 1976 Siculi,
968 1890 1006 1958 in
1022 1903 1186 1960 senatum
1203 1888 1262 1957 in-

185 2001 361 2084 troducti,
384 2002 498 2073 multa
520 1999 564 2071 de
583 2002 750 2072 Hieronis
768 2003 862 2097 regis
880 1999 952 2070 fide
971 2015 1147 2097 perpetua
1159 2023 1261 2094 erga
1279 2042 1295 2071 .·

184 2111 362 2209 populum
376 2135 569 2182 romanum
587 2110 698 2182 verba
712 2110 896 2195 lecerunt,
913 2111 951 2179 in
967 2111 1116 2206 gratiam
1135 2106 1259 2208 publi·
1278 2166 1282 2173 .

184 2246 264 2292 cam
282 2235 503 2308 avertentes,
522 2225 783 2316 Hieronymum
799 2238 981 2318 acpostea
994 2224 1259 2319 Hippocratem

185 2348 222 2403 et
234 2332 419 2429 Epicyden
435 2349 622 2426 tyrannos,
641 2358 754 2429 quum
774 2333 821 2402 ob
839 2333 932 2417 alia,
948 2346 1023 2401 tum
1031 2345 1186 2428 propter
1197 2329 1260 2398 de-

173 2445 372 2533 fectionem
387 2441 435 2512 ab
450 2448 623 2513 Romanis
640 2443 694 2512 ad
708 2442 956 2514 Hannibalem
964 2497 975 2528 ,
997 2446 1127 2511 invisos
1130 2441 1260 2530 fuisse

184 2553 285 2624 sibi¹.
307 2554 364 2624 Ob
384 2579 466 2624 eam
487 2579 636 2623 causam
656 2570 692 2623 et
708 2559 969 2647 Hieronymum
988 2578 1012 2621 a
1023 2549 1260 2648 principibus

178 2667 373 2759 juventutis
374 2690 495 2763 prope
496 2664 649 2762 publico
660 2665 807 2735 consilio
820 2667 1042 2755 intersectum
1047 2717 1057 2750 ,
1073 2677 1109 2731 et
1120 2665 1260 2756 inEpi·

185 2855 276 2900 stratu,
293 2842 318 2889 in
332 2842 399 2905 cujm
407 2853 531 2905 potestate
548 2858 607 2888 mox
613 2839 697 2904 futuri
741 2843 801 2896 victi
816 2841 975 2899 Hannibalis,
990 2838 1097 2904 gloriam
1111 2847 1254 2901 ceperat...

183 2924 244 2978 sint,
256 2921 328 2968 libere
337 2932 478 2983 queramur,
489 2921 574 2967 timore
583 2919 698 2983 impediri
741 2921 857 2978 caderet,·
867 2922 917 2969 vid.
927 2921 958 2968 ad
968 2919 1011 2967 lib.
1025 2919 1127 2976 xxttt,
1141 2931 1196 2979 cap.
1210 2913 1260 2973 ιδ,

184 3003 264 3051 dicere
270 3010 364 3065 posset,
378 3016 416 3057 se,
429 3002 449 3049 si
463 2999 528 3046 idern
540 3000 640 3062 collegat
649 2999 697 3062 pla-
742 3012 766 3048 et
777 3003 891 3060 xxvtt,
903 3017 945 3060 27.

184 3092 252 3138 ceat,
270 3089 358 3144 sponte
371 3078 525 3141 provinciam
542 3089 637 3124 mutare
648 3093 697 3140 pa·
776 3071 1261 3141 Canxxx.1.Ingratiampublieam

183 3172 265 3209 ratum
279 3156 404 3204 esse:sed
418 3173 443 3203 se
457 3156 585 3219 deprecari
598 3167 696 3202 senatus
741 3169 889 3213 avertentes,
911 3157 1086 3217 Hieronymum
1097 3184 1157 3198 .....
1166 3148 1261 3197 inviam

180 3236 366 3304 prejudicium,
381 3237 406 3283 la.
422 3253 442 3284 e.
462 3250 486 3281 se
505 3235 645 3298 postulare,
665 3251 696 3280 ne
733 3236 813 3302 ficisse
822 3237 876 3293 sibi,
890 3246 1009 3300 ponentes
1018 3233 1044 3280 id
1053 3232 1079 3279 in
1089 3231 1147 3277 loco
1158 3226 1265 3292 publici.

185 3328 283 3367 senatus
297 3317 322 3362 in
337 3331 376 3371 re,
393 3331 447 3377 quae
461 3330 474 3360 a
488 3330 533 3361 suo
548 3314 626 3378 ipsius
643 3326 696 3361 tan·
740 3314 867 3373 beneficii,
884 3313 1000 3362 asiculis
1016 3313 1042 3358 in
1058 3312 1185 3358 Romanos
1204 3307 1261 3356 col·

185 3395 312 3446 tummodo
335 3393 443 3458 pendere
465 3380 554 3440 debeat
579 3393 696 3450 arbitr-lo,
740 3395 798 3452 lati,
820 3395 859 3440 vel
886 3394 938 3440 haec
961 3401 1124 3438 memorantes
1146 3402 1206 3434 eum
1232 3387 1261 3435 in

185 3488 240 3525 ante
251 3474 345 3534 judicet
359 3474 409 3519 sive
419 3472 540 3534 judicium
550 3474 695 3536 praemittat,
741 3471 814 3520 linem
829 3485 853 3520 et
867 3474 900 3520 ita
915 3473 1116 3535 interpretantes,
1136 3476 1164 3514 ut
1178 3482 1261 3531 appa·

183 3559 257 3605 Doer.
271 3551 449 3615 ..Deprecari
461 3569 485 3598 se
500 3562 596 3598 senatres
603 3550 695 3615 proeju-
740 3564 819 3610 reret,
837 3552 961 3598 nationem
977 3565 1044 3616 snam
1062 3547 1125 3594 bene
1142 3546 1261 3594 meritam

184 3634 286 3689 dicium,
299 3643 327 3677 ut
341 3631 462 3677 decretum
477 3630 646 3694 interponatur
659 3645 695 3675 se·
741 3648 791 3678 esse
804 3631 834 3677 de
847 3630 978 3687 Romanis,
993 3642 1068 3688 eaque
1078 3641 1107 3672 eo
1117 3632 1261 3688 spectasse,

185 3722 271 3770 natus,
291 3722 319 3758 ut
340 3709 367 3756 id
389 3710 462 3758 faciat
483 3708 695 3757 senatusconsulto
740 3721 768 3756 ut
778 3710 808 3756 ab
817 3709 856 3756 his
867 3709 967 3772 gratiam
979 3707 1059 3753 iniret.
1072 3707 1196 3749 Vertentes
1208 3719 1262 3751 rna-

183 3796 275 3854 jussus,
288 3789 315 3835 id
327 3787 372 3835 sibi
385 3805 457 3852 grave
469 3789 542 3850 idque
554 3787 694 3850 deprecari;
739 3787 804 3836 lebat
821 3790 933 3835 Gronov.
953 3785 1000 3833 Sed
1017 3782 1127 3831 similiter
1146 3792 1264 3829 avertere

187 3874 264 3919 Gron.
279 3868 350 3915 conf.
366 3883 439 3931 supra
453 3867 484 3914 ad
499 3869 550 3924 ΙΙΙ,
562 3875 608 3924 to,
618 3883 643 3912 n.
657 3882 695 3913 10.
739 3883 785 3931 pro
796 3867 863 3930 vulg.
875 3877 970 3912 uertere
980 3875 1004 3911 et
1013 3877 1103 3928 synon.
1114 3859 1209 3924 passim
1221 3860 1263 3909 di·

186 3978 221 3988 -
230 3951 310 3995 Extra
321 3958 421 4003 sortem,
434 3947 550 3994 etc.Vide
564 3946 596 3993 ad
607 3946 696 3992 librum
742 3947 819 4000 citur,
838 3963 862 3992 v.
881 3961 903 3992 c.
919 3945 1010 4000 xxu,
1025 3955 1068 4002 193
1085 3939 1193 3995 xxx1,
1214 3955 1264 4000 113

189 4032 241 4085 ΙΙΙ,
253 4043 306 4090 cap.
321 4043 352 4083 2,
370 4042 395 4073 n.
410 4041 431 4072 1.
741 4025 869 4081 XXXVI,
885 4024 982 4082 7;XL,
998 4029 1040 4076 tn.
1060 4017 1133 4067 Cous.
1149 4015 1184 4064 ad
1203 4020 1263 4083 111,

221 4109 247 4156 6.
260 4107 302 4153 Ex
315 4121 364 4169 quo
370 4103 466 4167 primus
478 4103 586 4150 adversa
590 4118 683 4167 pugna
687 4137 696 4161 ,
743 4102 791 4160 63,
801 4119 826 4150 n.
841 4117 863 4149 1.
876 4102 1056 4159 «trementes,
1070 4096 1096 4144 id
1109 4105 1159 4155 est,
1172 4094 1274 4146 aleton.
