2768 4574
1073 308 1095 342 Α.
1111 303 1133 344 C.
1148 317 1195 344 an.

156 330 201 399 86
545 334 551 410 J
581 334 618 398 T.
655 331 797 400 LIVll
1072 363 1195 411 nean.

154 451 272 548 primo
288 473 350 519 eos
360 449 458 520 velut
472 451 647 521 miraculo
662 449 821 547 quodam
837 449 968 534 tenuit,
979 470 1094 542 quum
1109 445 1225 518 duces

153 554 319 654 undique
345 557 648 648 vociferarentur,
673 560 776 652 Quid
791 561 955 629 starent?
976 573 1013 626 et
1029 580 1103 627 non
1126 556 1225 626 ladi-

156 669 274 741 briam
288 666 392 756 illud,
409 672 633 761 orafhminis
639 675 810 770 puerisve
824 666 1009 737 morandis
1023 673 1111 736 satas
1125 665 1225 736 vali·

154 777 260 865 darn,
281 778 521 850 distraherent
532 781 822 878 diriperentque?
843 783 995 874 captam
1013 777 1152 846 hostem
1171 791 1229 844 te·-

154 895 248 976 neri,
271 887 438 961 latentem
451 908 542 988 post
555 897 727 961 sarcinas.
749 895 831 959 Haec
849 887 1086 983 contemptim
1111 886 1227 957 duces

154 998 410 1097 increpabant:
422 1015 609 1090 caeterum,
626 1024 746 1097 neque
761 997 955 1084 transilire,
968 1019 1088 1092 neque
1102 994 1227 1065 moliri

155 1131 267 1180 onera
284 1109 427 1206 objecta
436 1106 466 1199 ⁶,
484 1134 552 1182 nec
570 1111 705 1182 caedere
727 1111 872 1207 stipatas
894 1107 1042 1178 clitellas
1062 1107 1227 1204 ipsisque

154 1217 305 1291 obrutas
322 1223 488 1310 sarcinis,
507 1220 609 1292 facile
629 1234 714 1292 erat.
730 1220 891 1291 Tardatis
905 1218 982 1305 diu,
999 1240 1114 1313 quum
1127 1239 1229 1286 arno·

154 1329 217 1399 lita
226 1329 370 1425 objecta
381 1357 493 1402 onera
503 1335 648 1403 armatis
660 1330 846 1402 dedissent
855 1330 968 1416 viam,
984 1328 1229 1427 pluribusque

89 1512 92 1519 ,
156 1439 253 1511 idem
270 1442 433 1537 partibus
444 1441 566 1531 fieret,
583 1457 687 1540 capta
696 1443 771 1537 jam
792 1439 954 1536 undique
969 1450 1084 1509 castra
1101 1448 1227 1508 erant:

155 1552 262 1647 pauci
279 1549 324 1620 ab
338 1551 460 1622 multis
474 1553 705 1650 perculsique
721 1550 947 1623 avictoribus
966 1551 1098 1648 passim
1111 1546 1229 1619 caede-

156 1658 301 1732 bantur.
318 1664 449 1758 Magna
461 1686 545 1759 pars
559 1678 681 1733 tamen
696 1663 872 1749 militum,
892 1664 1008 1756 quum
1021 1661 1058 1728 in
1073 1657 1231 1756 propin-

156 1795 247 1869 quas
265 1769 455 1868 refugisset
480 1773 602 1860 silvas,
628 1774 667 1842 in
689 1786 803 1843 castra
821 1777 856 1841 P.
877 1770 1073 1867 Scipionis,
1093 1766 1231 1864 quibus

157 1887 196 1952 T.
210 1884 382 1953 Fonteius
396 1883 533 1979 legatus
548 1897 716 1980 praeerat,
735 1881 983 1981 perfugerant.
999 1886 1065 1952 Gn.
1086 1878 1230 1977 Scipio·

157 2016 243 2063 nem
256 1992 315 2063 alii
330 1994 369 2062 in
382 1993 525 2063 tumulo
542 1995 661 2090 primo
677 1995 818 2090 impetu
835 1993 995 2064 hostium
1010 2009 1141 2067 caesum
1157 2002 1231 2060 tra·

158 2101 251 2172 dunt
267 2100 356 2172 :alii
380 2126 463 2173 cum
484 2107 608 2203 paucis
626 2107 664 2176 in
688 2107 936 2204 propinquam
954 2104 1078 2175 castris
1100 2102 1233 2173 turrim

160 2210 377 2311 perfugisse,
400 2213 494 2286 hanc
512 2217 587 2313 igni
605 2217 878 2304 circumdatam,
898 2231 1006 2312 atque
1023 2216 1073 2284 ita
1096 2213 1233 2284 exustis

158 2321 320 2414 foribus,
346 2350 436 2422 quas
457 2328 565 2398 nulla
591 2326 710 2399 moliri
734 2341 935 2425 potuerunt
958 2327 993 2394 vi
1011 2337 1037 2412 ⁷,
1063 2338 1233 2422 captam3

92 2523 97 2534 Ι
159 2452 360 2533 omnesque
380 2438 480 2509 intus
502 2464 586 2510 cum
607 2441 687 2536 ipso
708 2440 927 2535 imperatore
952 2437 1100 2507 occisos.
1123 2439 1233 2506 Anno

161 2544 325 2635 octavo⁸,
345 2562 540 2646 postquam
552 2552 591 2619 in
605 2537 814 2646 Hispaniam
831 2561 995 2634 venerat,
1010 2551 1076 2617 Cn.
1093 2544 1233 2642 Scipi0,

160 2653 445 2756 undetrigesimo
458 2658 515 2730 die
531 2673 614 2755 post
628 2657 746 2728 fratris
764 2671 935 2744 mortem,
947 2653 1232 2727 estinterfectus.

160 2769 295 2837 Luctus
308 2793 353 2839 ex
371 2784 490 2840 morte
509 2793 637 2839 eorum
654 2794 731 2839 non
749 2775 873 2839 Romae
888 2768 1020 2861 major,
1040 2791 1150 2864 quam
1164 2792 1235 2864 per

160 2889 275 2947 totam
295 2878 523 2975 Hispaniam,
538 2876 616 2947 fuit.
636 2879 734 2965 Quin
753 2877 850 2975 apud
869 2880 981 2965 cives,
1003 2891 1143 2974 partem
1164 2877 1234 2948 do-

160 2984 246 3058 loris
259 3002 295 3059 et
307 2990 485 3059 exercitus
495 2987 615 3058 amissi
628 2999 664 3057 et
677 2987 830 3058 alienata
844 2989 1029 3086 provincia
1043 3003 1079 3059 et
1088 2984 1236 3085 publica

205 3221 230 3268 6.
247 3216 331 3267 Moliri
345 3230 423 3265 onera
439 3217 550 3282 cajetam
568 3209 625 3265 vitle
642 3217 674 3264 ad
717 3218 806 3288 πύργον
828 3218 963 3288 ἐνέπρησαν
985 3219 1005 3270 ol
1026 3215 1129 3280 Δίΰυες,
1155 3217 1199 3270 xal
1222 3221 1234 3270 6

161 3301 212 3359 VI,
228 3314 274 3357 ιι,
287 3314 312 3345 n.
323 3295 348 3343 5.
360 3324 394 3331 -
408 3295 520 3343 Amolita
532 3296 628 3360 passive
639 3297 674 3344 di-
718 3298 824 3349 Σκιπίων
834 3299 972 3352 κατεκαύθη
981 3296 1047 3366 μετὰ
1055 3305 1102 3349 stas
1112 3298 1233 3350 συνόντων

161 3391 235 3427 ctum.
251 3375 355 3424 Amoliti
363 3374 451 3438 optimi
460 3375 522 3423 MSS
532 3386 556 3423 et
563 3376 674 3440 quaedam
718 3377 826 3442 Appian.
843 3377 917 3442 Hisp.
932 3378 975 3435 1⁶,
996 3378 1040 3440 qui
1054 3376 1127 3426 etlam
1141 3376 1235 3427 milltes

161 3456 218 3506 edd.
229 3482 265 3492 -
281 3455 330 3502 Hie
341 3453 482 3502 Creverium
500 3454 605 3503 offendit
618 3456 675 3519 pin-
720 3456 839 3520 primum,
856 3457 972 3503 frumenti
991 3470 1005 3503 a
1020 3459 1048 3505 P.
1061 3457 1177 3521 Scipione
1190 3472 1236 3522 pe·

162 3552 209 3599 gue
217 3534 302 3582 nescio
312 3532 402 3596 quidet
409 3533 677 3598 impeditiusorationis
722 3535 789 3583 tendi
803 3550 874 3582 causa
892 3536 1005 3596 emissos,
1027 3536 1057 3583 ab
1075 3534 1143 3584 Afris
1156 3550 1236 3584 eaesoe

162 3613 247 3671 filum,
265 3624 338 3675 quam
350 3624 397 3675 pro
409 3612 509 3661 Liviana
522 3614 640 3679 elegantia
651 3626 676 3663 et
721 3614 796 3673 dicit,
810 3625 835 3661 et
846 3613 935 3661 deinde
946 3615 1123 3679 repulsuan.
1136 3615 1236 3680 Scipio·

161 3691 343 3757 perspicuitate.
359 3690 391 3739 Et
407 3694 572 3759 suspicionem
585 3704 675 3757 augent
721 3709 790 3752 nem,
799 3693 849 3740 suis
857 3692 949 3741 auxilio
959 3706 1134 3743 accurrentem.
1142 3695 1237 3745 Conier

161 3770 246 3836 scripti
259 3767 369 3834 plerique
382 3773 491 3837 eomupti
506 3784 532 3821 et
546 3771 674 3819 multuma
719 3771 761 3819 Sil.
773 3772 910 3831 x111‚oaa
923 3788 974 3837 seq.
1140 3819 1142 3823 .

161 3851 257 3914 nugata
267 3849 375 3898 lectione
386 3848 526 3901 recedentes
542 3866 549 3901 ε
563 3848 623 3898 nihil
637 3861 673 3898 ta·
754 3852 856 3898 &Anno
866 3853 1003 3911 octavo,al.
1015 3851 1132 3916 septimo;
1142 3852 1237 3902 reetlm

161 3940 219 3996 men
228 3928 286 3976 inde
296 3929 382 3978 elucet.
393 3932 438 3979 En.
717 3930 814 3993 opinor.
828 3929 919 3978 Confer
929 3929 982 3991 XI,
1004 3932 1045 3980 aa.
1059 3930 1126 3980 Hinc
1138 3942 1163 3979 et
1177 3938 1236 3998 etp.

152 4009 155 4016 '
197 4025 219 4070 7.
232 4007 297 4071 Quas
310 4007 402 4073 (fores)
415 4010 484 4057 nulla
497 4009 579 4057 moliri
583 4019 672 4072 potae·
718 4010 762 4066 38,
781 4009 895 4072 Sigonius
913 4010 993 4073 legit:
1013 4011 1169 4075 invictosper
1186 4010 1237 4059 rt!

160 4091 217 4128 runt
226 4080 271 4138 νίς
283 4079 339 4129 vide
357 4080 389 4128 ael
400 4081 452 4140 vt,
471 4096 520 4138 11,
542 4096 568 4128 n.
580 4080 603 4129 5.
622 4083 671 4138 Τὸν
716 4102 803 4135 annos.
