2768 4574
702 56 709 83 l

185 304 255 375 300
609 308 647 372 r.
681 306 821 375 Livii
1097 281 1232 393 ῧῑὲῑζὲἑῑ

184 440 241 512 ut,
259 424 382 521 positis
397 422 658 524 simultatibus,
678 424 863 494 cummuni
882 422 1003 493 animo
1020 423 1257 519 consilioque

184 534 476 605 administrarent
495 533 770 632 rempublicam.
797 534 990 605 Provinciae
1009 534 1052 605 iis
1068 558 1146 605 non
1166 558 1257 632 per·

183 644 302 713 mixta
311 642 538 739 regionibus,
554 645 645 714 sicut
659 643 905 741 superioribus
918 645 1039 731 annis,
1056 643 1118 715 sed
1135 644 1257 717 diver·-

184 776 230 823 sae
247 756 415 824 extremis
425 753 533 824 ltaliae
547 752 697 840 finibus,
712 755 815 825 alteri
828 753 996 825 adversus
1006 752 1255 825 Hannibalem

183 864 332 950 Bruttii,
352 865 508 950 Lucani;
532 864 633 934 alteri
657 863 771 934 Gallia
791 863 961 935 adversus
984 861 1256 935 Hasdrubalem

183 972 315 1071 (quem
325 975 398 1068 jam
408 973 560 1071 Alpibus
573 976 865 1072 appropinquare
878 970 971 1045 fama
981 970 1077 1065 erat)
1089 971 1253 1046 decreta.

183 1085 389 1155 Exercitum
408 1109 450 1153 ex
468 1081 630 1170 duobus,
646 1085 757 1180 quiin
772 1083 887 1157 Gallia
903 1086 1040 1181 quique
1053 1085 1091 1154 in
1103 1088 1256 1159 Etruria

184 1190 336 1278 essentss,
361 1192 483 1265 addito
509 1193 668 1280 urban0‚
695 1194 861 1291 eligeret,
887 1218 996 1291 quem
1014 1194 1164 1281 mallet,
1188 1201 1257 1295 qui

184 1303 337 1374 Galliam
350 1319 442 1374 esset
458 1304 615 1373 sortitus.
628 1306 695 1374 Cui
709 1304 837 1375 Bruttii
851 1304 1036 1403 provincia
1051 1306 1256 1397 evenisset,

183 1415 286 1484 novis
306 1413 510 1510 legionibus
527 1413 676 1485 urbanis
697 1417 855 1513 scriptis,
874 1417 991 1489 utrius
1011 1415 1136 1487 mallet
1159 1441 1256 1488 con-

184 1524 304 1594 sulum
324 1525 453 1622 prioris
475 1526 578 1609 anni,
601 1528 797 1597 exercitum
827 1541 995 1598 sumeret.
1022 1526 1213 1598 Relictum
1237 1553 1259 1599 a

183 1635 332 1706 consule
360 1637 556 1706 exercitum
585 1639 629 1725 Q.
651 1636 796 1705 Fulvius
825 1636 1022 1734 proconsul
1046 1637 1257 1737 acciperet,

184 1746 291 1841 eique
311 1747 347 1813 iu
372 1769 506 1815 aunum
529 1746 723 1841 imperium
745 1760 865 1817 esset:
888 1761 924 1817 et
945 1752 984 1819 C.
1001 1746 1175 1833 Hostilio,
1195 1751 1258 1820 cui

183 1878 252 1948 pro
279 1855 420 1923 Etruria
440 1857 639 1940 ¹Tarentum
666 1869 890 1926 mutaverant
914 1857 1158 1952 provinciam,
1184 1883 1257 1955 pro

183 1967 339 2035 Tarento
366 1969 524 2059 Capuam
550 1977 815 2035 mutaverunt:
841 1964 934 2061 legio
961 1990 1033 2034 una
1060 1962 1165 2054 data,
1194 1970 1257 2039 cui

184 2073 329 2143 Fulvius
351 2073 519 2168 proximo
541 2097 639 2143 anno
659 2072 862 2170 praefuerat.

232 2187 390 2254 XXXVI.
411 2186 464 2253 De
478 2182 710 2255 Hasdrubalis
729 2183 885 2256 adventu
900 2185 938 2254 in
954 2184 1091 2255 ltaliam
1107 2210 1199 2258 cura
1216 2189 1255 2259 in

183 2292 260 2363 dies
279 2291 471 2363 crescebat.
494 2293 769 2368 Massiliensium
789 2296 948 2393 primum
974 2294 1079 2390 legati
1100 2300 1256 2368 nuntia-

183 2418 328 2489 verant,
358 2429 443 2474 eum
472 2404 509 2474 in
538 2404 689 2475 Galliam
720 2418 1000 2502 transgressum,
1030 2419 1255 2504 erectosque

183 2513 342 2583 adventu
367 2518 464 2610 ejus,
487 2517 590 2612 ·quia-
604 2539 776 2612 magnum
802 2515 948 2612 pondus
977 2515 1056 2585 auri
1083 2516 1253 2590 attulisse

183 2621 364 2694 diceretur
386 2624 430 2695 ad
447 2624 615 2696 mercede
634 2626 764 2696 auxilia
787 2622 1043 2711 conducenda,
1058 2624 1256 2699 Gallorum

181 2736 331 2804 animos.
346 2736 444 2805 Missi
459 2735 590 2807 deinde
609 2761 692 2806 cum
707 2736 750 2805 iis
764 2735 871 2832 legati
890 2733 935 2805 ab
951 2739 1066 2805 Roma
1078 2736 1160 2805 Seri.
1177 2739 1256 2808 An-

181 2845 298 2915 tistius
312 2859 348 2915 et
364 2848 412 2916 Μ.
427 2848 565 2917 Raecius
580 2847 624 2916 ad
639 2871 715 2916 rem
732 2844 1012 2942 inspiciendam1
1031 2844 1257 2932 retulerant,

181 2956 318 3027 misisse
343 2982 381 3028 se
403 2980 485 3027 cum
511 2954 795 3026 massiliensibus
819 2954 990 3042 ducibus,
1010 2955 1074 3051 qui
1092 2978 1162 3052 per
1182 2955 1257 3027 ho·

181 3066 290 3161 spites
312 3090 456 3151 eorum,
482 3067 663 3163 principes
685 3064 891 3153 Gallorum,
915 3066 1036 3136 omnia
1060 3065 1259 3162 explorata

179 3172 369 3244 referrent.
382 3177 451 3244 Pro
465 3189 654 3272 comperto
663 3173 815 3264 habere,
831 3173 1090 3247 Hasdrubalem
1104 3176 1259 3273 ingenti

180 3418 305 3466 noscibiles
309 3437 320 3477 ,·
333 3418 391 3466 hinc
403 3419 428 3465 in
437 3419 524 3483 vulgus
535 3431 611 3477 notae,
623 3432 651 3467 ut
665 3423 688 3478 1,
728 3418 821 3483 prioris
828 3419 895 3475 anni,
905 3418 1037 3466 exercitum
1044 3419 1260 3471 sumamma

181 3507 228 3557 ²43
242 3501 288 3555 IX,
302 3513 327 3556 ¹3
341 3501 426 3557 XXIl,
444 3501 486 3557 43,
497 3501 542 3557 503
559 3502 688 3559 XXXIX,
733 3499 844 3562 eligeret,
861 3514 933 3561 quem
948 3498 1030 3548 mallet
1041 3514 1075 3545 ex
1086 3496 1171 3545 tribus
1182 3516 1262 3549 exer-

182 3586 246 3640 4,9;
257 3579 315 3635 XL,
326 3578 372 3635 453
382 3579 458 3635 XLV,
470 3580 496 3643 5)
509 3578 629 3635 intereos,
639 3590 687 3627 etc.
732 3577 837 3636 citibus,
853 3578 929 3625 scilic.
946 3594 978 3626 ex
998 3576 1096 3624 duobus
1114 3579 1261 3629 consulum

179 3657 217 3706 Cf.
230 3656 261 3704 ad
270 3658 358 3713 XXII,
373 3657 419 3714 35,
432 3674 457 3705 u.
471 3658 499 3716 3,
513 3658 603 3706 etVal.
618 3660 687 3707 Max.
731 3657 822 3721 prioris
837 3657 898 3703 anui
918 3669 942 3705 et
959 3673 991 3703 ex
1005 3670 1051 3714 eo,
1067 3654 1109 3703 cui
1122 3658 1160 3719 Q.
1179 3658 1263 3709 Clau.

179 3737 225 3793 tv,
236 3752 265 3794 a,
281 3752 309 3792 a,
320 3747 343 3782 et
353 3738 414 3793 Vll,
429 3753 454 3783 2.
732 3736 787 3783 dius
797 3737 897 3783 Tarenti
906 3746 1028 3800 praesset.
1043 3734 1117 3783 Cous.
1132 3751 1193 3801 unp.
1208 3740 1263 3798 38,

214 3813 239 3860 6.
250 3816 279 3860 In
290 3815 391 3862 Etruria
409 3826 492 3862 essent.
511 3815 640 3863 Creverius
659 3815 686 3862 in
730 3826 755 3862 et
774 3815 884 3862 Perizon.
904 3813 1036 3862 Animadv.
1053 3812 1126 3861 Hieta
1144 3830 1207 3881 unp.
1226 3826 1264 3879 4,

178 3895 233 3940 Put.
246 3902 271 3938 et
285 3893 349 3940 Vict.
361 3894 410 3956 legi
425 3904 485 3941 essct
497 3905 582 3942 auctor
591 3905 640 3951 ett3
651 3894 686 3940 sic
730 3910 786 3958 pag.
802 3895 859 3942 168.

180 3981 205 4018 et
227 3970 293 4034 apud
312 3972 386 4020 Drak.
402 3975 474 4020 Voss.
494 3976 555 4020 Lov.
577 3974 606 4031 3,
619 3981 648 4030 4,
662 3983 686 4019 et
764 3974 825 4021 Car.
835 3974 957 4020 XXXVI.
969 3987 989 4018 r.
1000 3969 1043 4018 Ad
1050 3985 1102 4017 rem
1111 3970 1259 4038 inspiciam.

180 4052 242 4098 Hav.
257 4051 302 4099 Eu.
318 4077 352 4085 -
370 4052 450 4098 Uarius
466 4052 550 4099 mallet
561 4052 685 4099 consulum
730 4051 789 4101 dam
794 4069 804 4107 ;
817 4051 873 4099 vide
881 4051 914 4098 td
922 4050 1041 4109 ms,
1054 4065 1080 4096 n.
1093 4056 1121 4104 4.
