2768 4574
173 329 217 394 50
304 390 306 395 ,
597 315 808 384 norun
1080 294 1200 402 lisze:

98 509 102 516 ,
173 453 250 508 tum
284 434 398 505 faciat.
427 436 466 503 T.
493 434 643 523 Quintio
674 433 840 529 Crispino
873 431 1002 502 Badius
1031 457 1226 532 campanus

170 548 304 643 hospes
319 559 414 631 erat,
440 541 670 641 perfamiliari
687 542 846 640 hospitio
868 543 1044 637 junctus:
1068 560 1226 616 creverat

98 727 109 746 ,⁴
170 653 411 740 consuetud0,
424 652 523 748 quod
537 659 759 751 aegerRomae
772 653 868 749 apud
881 653 1089 751 Crispinum
1098 655 1227 727 Badius

94 830 100 837 .
171 781 254 837 ante
264 763 501 836 defectionem
511 788 721 861 campanam
730 762 923 834 liberaliter
935 765 1158 861 comiterque
1168 792 1227 837 cu·

96 927 102 959 2
169 892 267 947 ratus
285 875 411 947 fuerat.
432 879 523 943 Tum
542 873 686 960 Badius,
705 897 913 970 progressus
933 887 1015 943 ante
1035 876 1224 962 stationes,

170 1009 250 1083 quae
263 1009 330 1082 pro
345 982 621 1080 porta'stabaut,
640 984 761 1053 vocari
774 984 979 1080 Crispinum
991 983 1096 1077 jussit
1107 1010 1115 1052 :
1126 985 1227 1081 quod

128 1145 129 1148 κ
153 1094 233 1185 Υιὼί
247 1108 299 1166 est
309 1095 475 1190 Crispino
488 1092 709 1180 nuntiatum,
725 1106 823 1163 ratus
837 1092 1059 1188 colloquium
1072 1095 1225 1163 amicum

101 1280 105 1288 ,
169 1228 210 1274 ac
224 1202 396 1273 familiare
412 1202 543 1296 quaeri,
564 1215 734 1272 manente
752 1199 964 1292 memoria³,
985 1204 1092 1274 etiam
1114 1205 1151 1273 in
1171 1205 1225 1274 di-

167 1314 279 1385 scidio
298 1309 528 1411 publicorum
544 1308 744 1397 foederum,
764 1313 892 1409 privati
903 1312 1014 1406 juris,
1036 1315 1182 1412 paulum
1204 1339 1225 1384 a

168 1425 304 1495 caetcris
327 1421 511 1520 processit.
536 1425 731 1516 Postquam
756 1422 1051 1520 inconspectum
1074 1448 1224 1512 venere,

104 1584 108 1592 .
167 1563 183 1599 a
199 1538 360 1604 Provoco
379 1545 432 1617 te,
451 1530 591 1626 inquit,
608 1528 659 1599 ad.
672 1554 849 1626 pugnam,
868 1533 1048 1630 Crispine,
1068 1531 1196 1602 Badius
1215 1561 1222 1599 :

166 1639 482 1714 «conscendamus
501 1663 633 1736 equos,
653 1638 901 1737 submotisque
917 1640 1012 1728 aliis,
1031 1656 1113 1711 uter
1128 1638 1225 1711 bello

166 1783 183 1819 «
198 1752 328 1824 melior
342 1752 386 1820 sit
396 1753 424 1835 4,
441 1749 711 1821 decernamus.»
725 1751 777 1820 Ad
793 1775 834 1821 ea
848 1751 1051 1847 Crispinus,
1068 1777 1133 1822 uec
1140 1752 1223 1838 sibi,

167 1890 232 1935 uec
252 1861 321 1948 illi,
338 1862 406 1950 ait,
426 1861 543 1931 hostes
566 1861 701 1949 deesse,
722 1862 906 1959 inquibus
924 1869 1091 1934 uirtutem
1113 1881 1225 1935 osten·

104 2054 107 2059 ,
165 1974 279 2044 dant:
297 1996 352 2058 se,
372 1976 514 2041 etiamsi
528 1977 566 2041 in
586 1979 664 2043 acie
683 1988 860 2060 occurrat,
882 1973 1160 2064 declinaturum,
1180 2000 1226 2045 ne

104 2148 107 2152 .
165 2081 337 2181 hospitali
356 2081 456 2151 ccede
472 2081 638 2187 dextram
659 2082 789 2168 uiolet‚·
806 2106 1073 2181 conversusque
1092 2082 1222 2183 abibat.

161 2195 353 2270 Enimvero
366 2189 522 2263 ferocius
535 2198 826 2290 tumCampanus
837 2194 1025 2289 increpare
1035 2195 1224 2264 mollitiem

162 2305 486 2400 ignaviamque,.et
504 2328 542 2373 sc
560 2303 668 2400 digna
686 2300 821 2401 probra
838 2304 875 2372 in
891 2304 1071 2373 insontem
1087 2304 1223 2397 jacere,

129 2497 133 2503 ⁴
162 2412 375 2511 hospitalem
389 2413 525 2483 hostem
539 2411 734 2511 appellans,
752 2411 1052 2509 simulantemque
1059 2436 1223 2509 parcere,

164 2530 225 2594 cui
239 2529 330 2595 sciat
333 2548 467 2620 parem
485 2548 523 2593 se
537 2547 615 2591 uon,
627 2545 710 2590 esse.
724 2524 764 2590 Si
766 2546 904 2617 parum
913 2520 1073 2617 publicis
1073 2521 1224 2612 faederi-

162 2632 229 2703 bus
250 2639 361 2729 ruptis
379 2633 556 2730 dirempta
577 2630 695 2722 simul!
702 2646 738 2699 et
743 2636 892 2726 privata
903 2633 995 2726 jura
1017 2656 1090 2700 esse
1099 2649 1223 2729 putet,

162 2747 318 2818 Badium
329 2768 548 2841 campanum
554 2745 744 2833 T.Quiutio
755 2744 916 2837 Crispirm
925 2766 1086 2829 romano,
1091 2742 1224 2838 palam

159 2969 185 3000 n.
198 2969 223 2999 2.
235 2951 276 3000 Ad
289 2966 357 3014 seqq.
369 2949 436 2997 conf.
446 2947 502 2996 val.
514 2948 582 2994 Max.
591 2947 625 3003 V,
642 2960 671 3004 1,
710 2946 805 3009 privati
813 2947 890 3010 juris,
905 2946 1006 3013 hospitii
1022 2960 1046 2996 et
1059 2950 1149 3009 jurium
1165 2952 1223 3009 ejus.

160 3047 185 3079 u.
196 3033 220 3081 3.
231 3058 266 3068 -
276 3033 302 3077 T.
314 3028 412 3092 Quintio
422 3025 530 3089 Crispino
536 3059 544 3082 ,
559 3023 671 3071 etc.Vide
714 3051 750 3060 —
761 3024 869 3072 Discidio
882 3026 1035 3092 (violatione)
1049 3027 1136 3091 optimi
1152 3029 1222 3075 MSS.

160 3110 192 3158 ad
201 3093 298 3167 mv,
312 3109 359 3169 39,
371 3122 397 3153 n.
409 3121 432 3166 7.
443 3130 477 3140 -
486 3103 598 3150 Dukerus
610 3117 671 3148 con·
714 3103 821 3150 Dissidio
832 3105 889 3156 edd.
899 3118 955 3154 ante
964 3109 1040 3154 Gron.
1051 3107 1092 3169 qui
1103 3105 1224 3155 subtiliter

160 3189 239 3238 tendit
258 3204 314 3236 eum
335 3201 387 3232 non
408 3199 472 3240 esse,
490 3196 562 3243 quem
578 3180 595 3228 1.
617 3195 670 3226 aa
715 3193 739 3229 et
756 3183 856 3246 copiose
871 3184 955 3242 docet,
969 3184 1097 3231 discidium
1109 3201 1160 3231 esse
1177 3186 1224 3233 dis-

156 3268 275 3318 Marcello
287 3264 357 3312 classi
368 3261 499 3322 castrisque
510 3258 633 3305 veteribus
642 3258 669 3304 in
714 3263 856 3309 tractionem
872 3279 915 3309 seu
932 3263 1119 3322 disjunctionem
1135 3279 1223 3327 corpo·
1313 3272 1316 3277 '

158 3347 240 3394 Sicilia
251 3344 392 3409 praefectum
402 3339 475 3386 fuisse
485 3335 602 3385 vidimus:
613 3353 668 3384 nam
712 3355 781 3398 rum,
797 3352 838 3388 aut
850 3343 919 3403 quasi
936 3357 1083 3409 corporum,
1096 3342 1223 3403 locorum,

157 3425 179 3472 is
197 3440 227 3472 eo
243 3435 355 3485 tempore
371 3417 451 3464 adhuc
463 3416 494 3461 'in
507 3415 588 3462 Sicilia
601 3427 666 3474 erat;
711 3419 814 3476 aedium,
832 3435 927 3477 rerum3
943 3419 1067 3466 dissidium
1086 3437 1160 3479 vero,
1178 3421 1224 3468 dis-
1265 3452 1266 3457 =

73 3518 76 3522 ’
156 3502 214 3552 vide
223 3501 285 3548 infra
295 3514 349 3561 cap.
360 3495 407 3553 263
418 3509 463 3541 nec
474 3491 502 3539 in
514 3509 569 3540 eum
580 3510 668 3542 couve-
711 3497 848 3544 sensionem
866 3497 1010 3544 animorum.
1030 3499 1104 3547 Cous,
1121 3501 1151 3546 ad
1165 3503 1222 3551 Tac.

150 3582 195 3629 init
214 3578 281 3642 quod
298 3575 372 3640 paulo
390 3582 448 3637 post
466 3571 538 3630 dicit,
554 3572 667 3619 diucun-
712 3575 801 3621 Annal.
811 3577 989 3635 11,86,n.2,
1007 3588 1031 3624 et
1046 3576 1177 3625 Ruhnken.
1190 3580 1222 3626 ad
1291 3616 1296 3626 .

156 3670 264 3708 stantem
275 3651 409 3715 Crispinum
418 3650 533 3714 pepulere
544 3652 666 3699 turmales.
711 3654 804 3706 Mureti
814 3656 881 3701 Orat.
891 3671 917 3717 p.
929 3656 970 3701 33.

156 3739 220 3787 Mox
233 3737 334 3781 Putean.
347 3731 390 3778 lib.
401 3732 468 3777 Stum
479 3730 587 3788 Badias;
599 3730 667 3778 velut
747 3739 771 3786 4.
784 3733 842 3778 Uter
851 3733 912 3778 bello
922 3732 1057 3790 meliorsit;
1067 3735 1132 3782 conf.
1141 3735 1173 3781 ad
1185 3737 1220 3788 11,

155 3829 244 3878 nempe
260 3814 351 3857 Istum
368 3808 667 3867 Badius;etsicmelius
712 3810 758 3868 51,
771 3827 796 3857 n.
813 3812 836 3858 3.
858 3837 892 3846 -
914 3811 1039 3875 Hospitali
1057 3813 1137 3869 ccede,
1157 3814 1222 3861 caede

157 3906 268 3942 connexa
283 3900 320 3936 est
331 3889 418 3965 oratio.
432 3890 477 3961 ΕΒ.
712 3887 901 3952 hospitis-Se
912 3888 988 3954 digm
995 3890 1098 3954 probra,
1109 3893 1156 3956 ipsi
1167 3907 1223 3938 con·

170 3971 173 3976 ’
191 3973 215 4018 3,
235 3971 350 4016 Ilfauence
364 3965 497 4023 memoria,
514 3983 590 4029 quum
610 3967 668 4014 reti-
712 3968 850 4026 venientia,
861 3968 886 4014 in
899 3968 979 4032 ipsum
990 3969 1113 4029 cadentia,
1127 3971 1220 4032 ignavia

155 4061 225 4116 ¹neret
237 4048 389 4105 memoriam,
400 4061 494 4094 memor
504 4046 584 4093 adhuc
594 4056 669 4099 esset,
714 4045 791 4108 ipsius
801 4045 887 4110 digua;
899 4048 973 4094 Doer.
