2768 4574
200 334 270 416 484
613 334 650 397 ἰτ
682 330 820 398 mvn
1102 303 1226 413 alsa:

201 451 305 520 batur
318 474 326 518 ε
340 448 544 547 eumpallio
560 444 803 545 crepidisque⁵
818 447 1044 517 inambulare
1054 454 1091 518 in
1100 472 1252 543 gymna-

199 567 262 646 sio,
279 559 404 630 libellis
421 586 503 630 earn
511 559 766 657 palaestraeque
783 581 930 654 oporam
950 556 1057 627 dare:
1076 581 1183 655 oeque
1195 583 1251 627 se-

196 675 313 764 gniter
327 667 548 766 molliterque
561 669 740 745 cohortem
753 683 863 737 totam
872 670 1129 760 Syracusarum
1140 693 1252 737 amoe·

200 783 309 848 nitate
310 780 395 868 frui
406 805 416 846 .·
435 779 687 873 Carthaginem
701 794 810 873 atque
821 775 1066 847 Hannibalem
1077 777 1254 847 excidisse

199 889 245 958 de
267 894 465 959 memon'a:
486 893 680 959 exereitum
701 912 843 957 omnem
865 885 1006 956 lieentia
1029 901 1252 980 corruptum,

199 996 316 1092 qualis
324 993 502 1067 Sucrone⁶
514 1003 550 1065 in
558 1001 739 1092 Hispania
740 997 872 1085 fuerit,
882 994 1001 1092 qualis
1014 1020 1109 1067 nunc
1118 999 1252 1079 Locris,

199 1112 302 1176 sociis
320 1111 444 1201 magis,
459 1130 571 1203 quam
588 1105 696 1192 lzosti,
715 1104 955 1175 metuendum.

246 1220 322 1285 XX.
336 1221 418 1287 Haec
432 1238 639 1311 quanquam
656 1215 784 1310 partim
798 1237 897 1298 vera,
912 1215 1041 1310 partim
1055 1213 1183 1301 mixta,
1198 1237 1256 1282 eo-

115 1370 119 1377 ·
198 1350 270 1420 que
289 1326 413 1395 similia
431 1326 542 1395 veris¹
557 1324 801 1420 jactabantur,
816 1325 899 1393 vicit
919 1337 1038 1393 tamen
1058 1325 1102 1411 Q.
1117 1322 1256 1393 Metelli

198 1436 393 1519 sententia,
413 1435 491 1530 qni,
510 1433 555 1504 de
575 1435 709 1505 caeteris
728 1434 884 1504 Maximo
907 1458 1088 1519 assensus,
1110 1433 1156 1503 (le
1177 1434 1255 1505 sci·

200 1545 317 1642 pionis
327 1568 431 1637 causa
441 1542 617 1614 dissensit.
631 1548 706 1635 Qui
717 1550 811 1614 enim
825 1549 1020 1631 convenire,
1029 1570 1137 1641 quem
1145 1545 1255 1646 modo

200 1659 320 1722 os'oitas
324 1655 496 1747 juvenem
510 1653 708 1723 admodum
722 1653 978 1749 recuperanda
986 1658 1179 1749 Hispania
1191 1653 1253 1722 de-

200 1763 323 1859 legerit
344 1764 485 1849 dacem,
505 1788 629 1859 quem,
649 1777 790 1858 recepta
810 1762 858 1833 ab
880 1761 1039 1832 hostibus
1053 1767 1254 1858 Hispania,

200 1874 253 1942 ad
271 1873 527 1970 imponendam
536 1877 674 1969 punico
696 1870 788 1945 bello
798 1873 920 1966 finem
941 1877 1111 1941 creaverit
1125 1895 1254 1941 eonsu-

201 1981 287 2069 lem,
300 2007 364 2079 spe
379 1983 627 2054 destinaverit²
641 1980 887 2057 Hannibalern
901 2007 949 2051 ea
961 1980 1071 2051 Italia
1083 1981 1257 2051 detractu-

201 2117 299 2179 rum,
314 2095 479 2181 Africam
506 2092 753 2176 subacturum,
781 2115 864 2160 eum
896 2106 1052 2187 repente,
1079 2106 1255 2187 tanquam

206 2202 250 2288 Q.
273 2200 504 2287 Pleminium,
530 2201 664 2270 indicta
683 2224 796 2271 eausa
808 2225 928 2297 prope
951 2200 1182 2285 damnatum,
1208 2224 1256 2269 ea

192 2313 382 2404 provino-ia
399 2311 581 2379 revocari?
594 2334 706 2405 quum
719 2333 778 2396 ea,
798 2333 882 2405 qua
899 2314 935 2377 in
947 2333 986 2378 se
1001 2309 1257 2399 nssfariesaeta

200 2423 390 2489 Locrenses
408 2434 653 2514 quererentur,
677 2443 722 2488 ne
730 2434 913 2515 prasente
930 2418 1075 2515 quidem
1092 2420 1257 2514 Scipione

235 2627 258 2672 5.
274 2625 331 2673 Cum
340 2627 419 2690 pallio
432 2625 594 2690 crepidisque,
607 2629 705 2676 Graeco·
749 2645 817 2687 rum,
830 2640 938 2693 spectare
950 2629 1052 2694 punibat
1067 2629 1142 2677 Doer.
1159 2654 1194 2663 -
1213 2627 1257 2675 Ge·

200 2720 253 2751 rum
263 2719 343 2763 more,
352 2721 403 2752 non
418 2721 473 2751 enm
487 2716 544 2768 toga
558 2706 705 2770 calceisque,
748 2707 841 2755 lsortem
857 2719 934 2755 totam
948 2707 1099 2773 praetoriam,
1116 2706 1257 2754 comitatum

199 2782 351 2830 inarnbulare
359 2799 414 2830 eum
426 2783 498 2847 (sorte
508 2784 706 2848 inambulantem)
749 2787 928 2849 magistratuum
936 2785 1136 2850 provintialium,
1147 2783 1255 2849 Gesolgo,

200 2860 225 2908 in
235 2863 379 2926 gymnasie;
393 2862 448 2911 vide
461 2863 493 2910 sul
502 2865 559 2912 Teo
569 2865 657 2912 Annnl.
668 2867 705 2922 H,
748 2865 821 2912 Saite.
834 2865 872 2914 ef.
883 2864 913 2912 ad
925 2867 982 2913 Tse,
995 2868 1158 2926 Ann.1‚a9‚
1170 2880 1196 2911 n.
1206 2865 1231 2911 3.

203 2941 287 3007 59,1n.
299 2945 314 2988 o
325 2951 348 2988 et
360 2957 387 3002 73
400 2942 511 2989 Gronov·
523 2942 594 2990 Obss.
605 2944 650 3001 IV,
658 2944 691 2989 25
698 2959 705 2998 3
784 2945 809 2989 6.
825 2943 911 3005 Qualis
922 2944 1040 3000 Sisenem,
1055 2955 1103 2992 etc.
1115 2942 1172 2991 vide
1184 2957 1257 3007 snpra

200 3019 301 3066 (sanun
311 3019 342 3066 ad
352 3020 440 3068 Annal.
452 3021 511 3067 ecel.
524 3022 611 3070 Baton.
620 3023 705 3069 Exere.
749 3022 781 3069 ad
792 3024 917 3080 xxvm,
933 3031 964 3077 al
979 3040 1016 3087 sq.

198 3099 560 3157 tx,2.--v5d.Ge11.xl11‚
574 3115 621 3158 20,
634 3111 659 3147 et
672 3100 707 3148 di·
785 3101 846 3149 Cir.
864 3104 924 3150 XX.
945 3117 967 3150 r.
984 3101 1080 3149 Partim
1097 3100 1178 3148 mixta
1193 3100 1258 3148 ναῖε

199 3187 262 3224 »erte
278 3177 372 3225 Persius
388 3176 499 3241 crepidas
516 3177 648 3225 Graiorum
664 3195 707 3243 ap·
750 3195 841 3243 eoque,
856 3179 975 3244 ideoque,
986 3180 1077 3229 similia
1087 3179 1264 3241 aretin-'Qtu''

201 3254 275 3317 pellat
287 3266 331 3302 sit.
341 3257 368 3311 1,
382 3271 406 3300 v.
421 3270 477 3314 ¹²7·
491 3256 536 3302 En.
551 3283 586 3291 -
597 3256 705 3312 Libellr's,
751 3257 814 3304 enim
831 3257 971 3315 convenire,
988 3257 1112 3322 quomodo
1131 3267 1258 3305 eonsenti-

200 3333 360 3397 eontemptim
383 3332 414 3379 de
434 3334 574 3381 Graeeorum
593 3334 663 3382 libris
683 3347 708 3383 et
751 3352 823 3382 neum
830 3336 972 3400 justumque
984 3352 1046 3393 esse,
1059 3352 1093 3383 se.
1106 3334 1212 3384 dicebat.
1224 3359 1259 3372 -

200 3411 323 3468 doctrina,
340 3427 393 3472 qun
404 3411 477 3458 etiam
491 3412 518 3459 in
532 3412 642 3460 castrisa
659 3414 708 3473 Sei·
751 3414 972 3478 Delegeritdueem.
982 3415 1068 3462 Nostri
1076 3413 1161 3478 scripti
1169 3414 1260 3478 utplu-

200 3488 275 3551 pione
286 3488 444 3548 tractabatur3
458 3490 515 3538 Em.
534 3491 634 3538 Libellos
645 3493 709 3539 acci·
751 3492 806 3540 rimi
826 3509 839 3540 e
857 3493 1021 3541 Gronovianis
1037 3492 1156 3557 delegarit
1167 3509 1178 3539 .·
1191 3492 1259 3556 quoii

200 3567 242 3630 pio
251 3566 438 3614 commentarios
447 3567 642 3634 philosophieos,
653 3586 709 3633 qua·
750 3587 802 3618 non
819 3571 1010 3636 sdspernrlsetur
1027 3572 1114 3630 Crem
1134 3571 1157 3618 ei
1177 3583 1260 3619 tamen

200 3644 234 3691 les
248 3656 330 3692 secum
343 3656 439 3709 portare
448 3647 535 3694 solitos
545 3646 707 3715 philosophos
751 3651 847 3714 vulgata
857 3652 932 3699 lectio
945 3652 1028 3716 potior
1040 3650 1177 3705 videbatur.
1188 3652 1234 3699 En.

200 3722 226 3768 in
239 3723 345 3770 Luciam
357 3723 470 3786 legimus,
481 3725 520 3771 vel
529 3725 560 3772 ad
571 3725 616 3773 elia
627 3727 706 3774 studia
787 3745 811 3777 α.
822 3732 867 3793 Spe
876 3728 1041 3787 destinaverit,
1053 3745 1127 3792 quem
1138 3746 1195 3779 enm
1205 3730 1260 3781 fore

198 3799 304 3847 liberalia
328 3801 493 3865 pertinentes:
517 3820 572 3851 nam
594 3816 706 3853 neutrum
750 3809 898 3872 speraverit,
916 3808 1133 3873 quinionibus»)
1146 3810 1260 3862 exlnlia

198 3893 273 3938 genus
286 3879 422 3935 studiorum
440 3897 468 3928 ea
484 3893 626 3946 tempestate
640 3883 706 3947 apud
751 3886 876 3948 detrahet3
890 3889 965 3937 Dosr.
978 3889 1017 3938 Cf.
1028 3888 1060 3937 sul
1070 3888 1198 3946 mm,
1214 3896 1259 3947 ιι,

197 3957 320 4003 Romanos
328 3959 355 4004 in
364 3975 452 4023 magno
462 3961 555 4008 honore
566 3973 629 4020 erst3
640 3962 704 4015 Dulr¹
750 3980 774 4012 n.
787 3967 810 4012 3.
825 3994 858 4004 --
872 3969 1059 4023 Detractumm
1078 3965 1178 4030 quidm
1194 3967 1259 4016 MSS

195 4036 231 4085 Eo
249 4034 322 4085 etism
337 4037 528 4107 ,futurumst
547 4039 706 4105 philosopho·
749 4055 918 4093 retracturum.
931 4047 1004 4097 eona
1018 4045 1092 4113 Drsh
1110 4072 1145 4085 -·
1160 4044 1257 4102 ΜΝ,
