2768 4574
197 302 321 409 litii:
387 325 485 391 Lis.
517 288 795 391 x'xviour.
823 323 930 390 xiv.
957 324 1040 390 xv.
1165 319 1232 415 139

170 448 358 513 Senatores
373 445 536 541 quinque
552 458 588 514 et
599 443 726 540 viginti
743 442 843 513 Cales
858 445 895 512 in
910 443 1126 535 custodiam,
1141 442 1232 517 duo·

170 551 362 650 detriginta
370 560 529 625 Teanum
538 555 824 650 missizquorum
836 552 880 624 dc
891 555 1068 627 sententia
1076 555 1233 656 maxime

169 663 344 735 descitum
361 663 405 735 ab
420 665 590 737 Romanis
607 662 805 734 constabat.

214 780 290 845 XV.
316 781 370 847 De
396 776 574 874 supplicio
597 775 761 871 campani
783 786 928 861 senatus
951 773 1234 870 haudquaquam

165 887 259 956 inter
273 887 439 957 Fulvium
456 885 721 981 Claudiumque
739 881 1012 955 conveniebat¹.
1028 882 1152 953 Facilis
1170 883 1234 952 im·

106 998 113 1009 ’
165 996 471 1092 petrandaevenias
481 995 668 1085 Claudius,
679 997 803 1066 Fulvio
818 995 942 1067 durior
957 994 1134 1064 sententia
1146 1009 1233 1090 erat.

164 1111 292 1202 ltaque
311 1109 446 1203 Appius
466 1112 618 1177 Romam
636 1107 681 1177 ad
700 1121 865 1178 senatum
884 1104 1072 1175 arbitrium
1092 1105 1168 1199 ejus
1181 1107 1234 1176 rei

165 1232 286 1287 totum
300 1216 484 1311 rejiciebat
501 1244 508 1285 :
525 1217 788 1314 percunctandi
802 1219 909 1288 etiam
924 1240 1069 1312 aequum
1082 1239 1158 1286 esse
1170 1240 1235 1312 po·
1290 1216 1294 1223 '

163 1341 329 1398 testatem
346 1327 424 1398 fieri
441 1327 623 1415 Patribus,
646 1352 735 1399 num
750 1329 1075 1399 communicassent
1088 1325 1237 1396 consilia

164 1461 246 1506 cum
261 1436 443 1534 aliquibus
458 1439 639 1507 sociorum
654 1438 756 1508 latini
768 1440 925 1509 nominis
934 1437 1234 1533 municipiorum;

105 1577 110 1588 =
164 1559 200 1615 et
218 1572 309 1616 num
326 1571 396 1643 ope
416 1571 543 1616 eorum
563 1547 602 1616 in
626 1546 724 1617 bello
747 1546 868 1619 forent
891 1563 927 1618 et
950 1547 1234 1644 municipiorum

164 1655 289 1750 adjuti.
312 1657 361 1726 Id
378 1681 464 1726 uero
490 1661 638 1726 minime
656 1659 949 1728 committendum
973 1683 1067 1745 esse,
1088 1658 1234 1730 Fulvius

162 1767 297 1853 dicere,
323 1783 364 1837 ut
382 1766 661 1837 sollicitarentur
684 1767 892 1836 criminibus
914 1767 1033 1838 dubiis
1054 1775 1233 1840 sociorum

65 1926 68 1932 -
150 1878 325 1974 fidelium
342 1883 473 1964 animi,
493 1893 529 1947 et
543 1877 806 1972 subjicerentur
822 1877 1019 1963 indicibus,
1035 1885 1152 1974 queis,
1169 1905 1233 1978 nc·

161 2014 233 2085 que
254 1989 347 2085 quid
355 1989 544 2077 facerent,
572 2013 688 2085 neque
715 1989 807 2085 quid
827 1988 1004 2075 dicerent,
1030 1988 1233 2085 quidquam

162 2124 326 2195 unquam
334 2105 447 2196 pensi
449 2101 603 2188 suisset:
619 2105 742 2196 itaque
758 2125 797 2171 se
815 2125 898 2169 eom
914 2104 1151 2196 quaestionem
1167 2125 1234 2198 ορ-

153 2235 366 2306 pressurum
389 2216 732 2307 exstincturumque.
757 2209 809 2281 Ab
829 2211 900 2281 hoc
926 2235 1093 2280 sermone
1115 2235 1230 2306 quum

160 2319 310 2418 digressi
328 2335 464 2411 essent,
482 2336 519 2393 ct
533 2324 687 2419 Appius,
707 2323 870 2418 quamvis
888 2320 1059 2392 ,ferociter
1073 2323 1232 2418 loquen-
1335 2318 1337 2322 ⁴

160 2444 233 2500 tem
251 2430 441 2528 collegam,
457 2457 533 2501 non
548 2431 731 2503 dubitaret
742 2447 863 2502 tamen
877 2432 997 2503 literas
1012 2457 1121 2529 super
1132 2448 1231 2505 tanta

160 2563 200 2608 re
229 2538 274 2609 ab
304 2547 419 2610 Roma
446 2556 759 2639 exspectaturum
780 2544 946 2630 Fulvius,
969 2569 1016 2614 ne
1044 2543 1082 2614 id
1110 2546 1230 2641 ipsum

159 2647 461 2742 impedimentum
479 2653 627 2749 incepto
641 2650 752 2740 soret,
775 2652 982 2723 dimittens²
1001 2657 1227 2752 praetorium,

159 2757 313 2828 tribunis
334 2761 490 2830 militum
512 2785 553 2831 ac
577 2759 754 2858 praefcctis
778 2764 916 2833 socium
941 2762 1148 2859 imperavit,
1174 2768 1230 2837 uti

159 2867 304 2939 duobus
320 2869 479 2941 millibus
493 2873 658 2967 equitum
676 2872 823 2942 delectis
838 2870 1113 2965 denuntiarent,
1128 2887 1170 2943 ut
1183 2873 1230 2954 ad

159 2982 301 3049 tertiam
317 2977 533 3049 buccinam³
554 2996 685 3077 praesto
706 2994 836 3057 essent·
861 2985 953 3051 Cum
974 2979 1045 3052 boc
1064 2982 1229 3077 equitatu

159 3102 266 3159 nocte
279 3094 441 3160 Teanum
457 3088 662 3186 profectus,
682 3092 798 3188 prima
812 3092 891 3163 luce
907 3104 1048 3188 portam
1063 3093 1228 3184 intravit,

157 3216 265 3298 atque
292 3202 331 3270 in
356 3188 478 3272 forum
502 3204 663 3298 perrexit
687 3226 972 3298 :concursuque
1001 3202 1047 3272 ad
1067 3203 1227 3300 primum

158 3303 322 3405 equitum
346 3313 547 3409 ingressum
565 3310 678 3401 facto,
697 3315 943 3412 magistratum
954 3313 1159 3407 ‘Sidicinum
1176 3319 1228 3410 ci·

191 3527 251 3573 Cur.
264 3530 322 3575 XV.
342 3545 363 3574 1.
379 3531 415 3576 De
429 3530 546 3594 supplicio
561 3531 624 3578 inter
638 3533 665 3577 F.
705 3531 1227 3596 piorumdolendaputabantDouj.ctD0er.

158 3602 183 3649 G.
198 3607 431 3663 concatenando
446 3608 476 3656 ad
489 3611 513 3665 Ι,
527 3606 592 3666 3,ιι.
603 3618 667 3666 4.*-
749 3629 773 3659 2.
793 3613 920 3659 Dimittcns
935 3610 1095 3674 praetorium,
1118 3611 1175 3659 vide
1194 3613 1227 3660 ad

157 3684 201 3729 Ad
209 3696 319 3731 senatum
328 3686 455 3734 arbitrium
461 3689 602 3754 rejiciebat,¹
611 3688 668 3736 vlde
713 3693 790 3749 xm,
802 3693 847 3749 54,
861 3708 886 3738 n.
903 3693 927 3738 3.

157 3762 187 3808 ad
198 3765 235 3819 ll,
247 3779 296 3820 aa,
310 3781 335 3812 n.
347 3772 371 3819 4.
385 3767 447 3814 Mox
458 3768 521 3815 forte
532 3769 578 3831 leg.
589 3762 667 3815 socio·
750 3773 774 3820 3.
794 3771 839 3818 Ad
857 3770 953 3817 tertiam
966 3770 1108 3826 buccinam
1121 3770 1178 3817 vide
1194 3772 1226 3818 ad

156 3857 209 3886 rum
220 3841 293 3889 latini
304 3843 407 3890 nominis
418 3841 486 3907 (vide
499 3847 530 3893 ad
543 3851 570 3906 l,
584 3863 628 3906 10,
641 3865 666 3895 n.
712 3852 772 3909 VII,
785 3851 831 3907 35,
845 3866 869 3897 n.
884 3865 910 3897 a.
923 3875 958 3884 -
975 3850 1096 3907 Teanum,
1113 3866 1147 3897 sc.
1160 3851 1224 3899 Sidi-

158 3920 182 3984 a)
193 3933 217 3967 cr
225 3921 409 3985 municipiorum
422 3920 460 3972 vel
472 3926 667 3990 municipiorum·
712 3931 793 3977 einum
817 3927 890 3994 (vide
903 3927 935 3974 ad
944 3928 1022 3986 VIII,
1038 3928 1084 3986 15,
1100 3925 1142 3992 1);
1156 3930 1223 3977 undo

156 4017 203 4063 qne
213 4012 257 4054 aut
272 4000 498 4064 municipiorrtmr05
515 4017 539 4052 et
553 4022 610 4052 num
622 4007 667 4070 op'e
712 4025 772 4058 mox
782 4009 951 4072 magistratum
966 4009 1115 4075 (summum,
1132 4020 1224 4072 praetm

156 4080 276 4128 sociorum
284 4080 308 4127 in
316 4080 386 4138 bello,
396 4093 442 4130 etc.
449 4083 529 4130 Verba
536 4096 559 4132 et
566 4085 666 4132 munici-
711 4101 770 4143 rem,
779 4101 821 4134 seu
831 4084 1034 4150 medixtntieum)
1047 4087 1189 4145 Sidicinum,
