2768 4574
95 169 98 173 -
163 152 171 179 l

187 355 254 430 tqo
610 331 648 397 t.
682 330 821 400 LIVII

180 451 444 540 manifestare,
462 449 655 538 exclamat,
672 450 740 521 sub
757 447 868 521 oeulis
886 447 1106 520 Hannibalis
1123 476 1261 539 secum¹

180 566 226 636 de
237 564 446 662 proditione
465 568 537 658 agi.
559 560 752 632 Hannibali
772 574 883 656 atque
900 561 971 649 eis,
990 562 1055 657 qui
1075 561 1248 649 aderant,

180 701 257 772 quo
267 674 436 745 audacior
445 698 504 745 res
515 686 603 761 erat,
612 673 732 743 minus
742 670 865 742 similis
874 672 950 741 veri
961 671 1034 742 visa
1045 685 1107 742 est.
1118 669 1250 743 AEmu·

179 783 350 871 lationem
359 784 526 880 profecto
545 798 654 879 atque
671 782 796 853 odium
813 805 909 868 esse,·
926 797 963 851 et
975 782 1016 852 id
1027 787 1160 853 crimen
1178 784 1250 854 ad-

166 897 278 987 ferri,
300 893 418 991 quod,
440 899 529 990 quia
547 910 668 963 testem
688 892 825 962 babere
845 916 918 962 non
930 908 1075 988 posset,
1097 892 1260 977 liberius

168 1007 331 1102 fingenti
345 999 425 1074 sit⁸.
444 1009 499 1073 lta
517 1002 601 1074 inde
619 1002 754 1074 dimissi
773 1015 858 1072 sunt
875 1029 882 1071 ε
902 1026 971 1073 nec
988 1001 1135 1074 Blattius
1157 1018 1247 1074 ante

179 1112 316 1186 abstitit
331 1129 451 1185 tamen
465 1128 538 1183 tam
554 1113 682 1184 audaci
698 1114 863 1209 incepto,
877 1137 987 1210 quam
1000 1112 1097 1184 idem
1111 1111 1248 1184 obtun-

180 1227 301 1300 dendo
316 1226 574 1322 docendoque,
589 1250 699 1323 quam
715 1250 756 1296 ea
769 1249 827 1295 res
843 1226 928 1322 ipsis
940 1225 1136 1322 patriaeque
1151 1225 1246 1296 salu·

179 1341 263 1410 taris
272 1352 380 1425 esset,
391 1337 561 1434 pervicit,
577 1350 616 1406 ut
627 1335 832 1432 praesidium
845 1337 1019 1432 punicum
1031 1335 1248 1433 (quingenti
1327 1409 1331 1415 ,

179 1462 299 1519 autem
310 1444 607 1539 Numidaeerant)
623 1446 835 1543 Salapiaque
846 1444 1049 1516 traderetur
1059 1438 1245 1519 Marcello,

179 1563 253 1632 Nec
264 1559 341 1628 sine
351 1556 448 1627 caede
457 1556 572 1626 multa
581 1555 674 1627 tradi
682 1557 802 1652 potuit
814 1581 821 1624 :
834 1555 942 1651 longe
952 1553 1134 1626 fortissimi
1143 1559 1248 1653 equi-

178 1683 258 1740 tum
277 1682 355 1738 toto
377 1669 512 1765 punico
531 1668 692 1738 exercitu
712 1675 848 1737 erant9.
875 1669 1001 1763 ltaque
1021 1691 1247 1765 quamquam

178 1778 373 1875 improvisa
395 1802 452 1847 res
472 1775 560 1863 fuit,
584 1799 651 1847 nec
674 1800 760 1846 usus
779 1800 958 1871 equorum
976 1778 1015 1846 in
1034 1775 1124 1848 urbe
1145 1794 1244 1869 erat,

179 1904 323 1977 tamen,
344 1888 451 1957 armis
470 1889 565 1956 inter
584 1885 781 1957 tumultum
802 1888 934 1986 captis,
956 1900 992 1958 et
1012 1889 1244 1985 eruptionem

179 2013 429 2085 tentaverunt,
446 2011 501 2085 et,
516 2021 632 2092 quum
648 1997 800 2068 evadere
815 1999 1025 2096 nequirent,
1039 2013 1246 2095 pugnantes

179 2107 225 2177 ad
246 2107 415 2177 ultimum
433 2104 707 2195 occubuerunt3
725 2133 793 2179 nec
815 2107 896 2206 plus
915 2109 1179 2206 quinquaginta
1197 2137 1245 2185 ex

177 2217 233 2288 his
247 2220 285 2287 in
301 2231 516 2315 potestatem
530 2216 690 2288 hostium
706 2220 776 2288 vivi
789 2232 986 2290 venerunt:
1003 2220 1159 2318 plusque
1175 2215 1245 2292 ali·¹

177 2342 316 2426 quanto
326 2329 449 2399 damni
458 2329 534 2400 haec
546 2328 601 2399 ala
611 2331 775 2426 equiturn
785 2321 1121 2418 amissaHannibali,
1130 2316 1243 2428 quam

177 2440 332 2536 Salapia,
348 2437 417 2509 fuit
434 2466 441 2507 :
463 2464 532 2510 nee
544 2439 677 2510 deinde
693 2454 857 2538 unquam
870 2445 1003 2511 Poenus
1021 2440 1118 2537 (quo
1132 2440 1242 2539 longe

177 2551 375 2647 plurimum
394 2550 572 2646 valuerat)
590 2552 755 2647 equitatu
773 2552 937 2647 superior
955 2547 1033 2620 fuit.

225 2665 383 2730 XXXIX.
403 2665 468 2730 Per
483 2659 581 2730 idem
596 2676 759 2757 tempus,
777 2685 890 2757 quum
908 2661 945 2729 in
964 2684 1045 2731 arce
1064 2662 1244 2751 tarentina¹

176 2772 235 2840 vix
248 2771 371 2867 inopia
389 2769 585 2841 tolerabilis
605 2785 715 2860 esset,
734 2795 836 2868 spem
853 2796 999 2841 omnem
1013 2767 1244 2868 praesidium

73 2960 75 2962 v
178 2881 278 2980 quod
298 2881 349 2951 ibi
369 2895 465 2968 erat,
483 2905 676 2951 romanum
697 2879 960 2978 praefectusque
982 2882 1156 2984 praesidii¹
1185 2879 1244 2954 at-'

175 3018 247 3090 que
267 2994 357 3062 arcis
377 2996 426 3061 M.
444 2992 565 3060 Livius
583 2993 621 3060 in
640 2989 900 3062 commeatibus
923 2989 968 3062 ab
988 2992 1104 3062 Sicilia
1123 2993 1242 3089 missis
1272 3054 1275 3059 .

175 3102 369 3174 habebant.
389 3103 462 3189 Qui
476 3115 517 3170 ut
534 3115 614 3171 tuto
629 3103 979 3199 praeterveherentur
992 3129 1092 3173 oram
1109 3106 1239 3192 Italiae,

175 3213 294 3285 classis
318 3212 447 3306 viginti
472 3208 585 3281 ferme
613 3214 760 3283 itavium
782 3213 910 3311 Rhegii
934 3211 1058 3284 stabat.
1086 3220 1241 3288 Praeerat

175 3325 277 3394 classi
295 3318 628 3416 commeatibusque
648 3326 693 3392 D.
713 3323 903 3410 Quintius,
926 3319 1084 3394 obscuro
1104 3348 1240 3418 genere

174 3449 295 3519 ortus,
314 3445 481 3500 caeterum
500 3432 622 3501 multis
646 3429 802 3503 sortibus
830 3429 932 3502 factis
958 3431 1072 3529 gloria
1092 3432 1241 3504 militari

173 3615 327 3682 appellabat,
350 3630 406 3661 cum
426 3629 457 3661 eo
481 3614 566 3678 agebat
593 3630 682 3678 rogans
726 3612 1241 3681 XXX,32,n.l.-Liberiusfingeretur

171 3698 285 3754 hortans3
301 3709 385 3758 propr.
406 3694 475 3757 prior
494 3710 549 3740 eum
572 3708 683 3740 sermone
727 3692 783 3740 edd.
794 3702 850 3739 ante
860 3693 938 3739 Gron.
950 3708 981 3739 ex
992 3693 1119 3757 interpret.

133 3826 136 3831 ,
173 3775 270 3831 adibat,
289 3773 464 3836 alloquebatur.
484 3798 520 3808 -
537 3772 682 3828 Enimvero;
714 3822 721 3841 ,
763 3786 788 3832 9.
806 3773 889 3835 Longe
903 3770 1036 3836 firmissimi
1055 3771 1162 3835 equitum
1177 3783 1240 3824 soto

174 3854 231 3902 vide
243 3853 275 3900 ad
287 3855 315 3912 I,
333 3853 379 3910 51,
392 3869 418 3899 n.
430 3851 453 3898 5.
723 3850 815 3914 punico
831 3850 939 3898 exercitu
955 3861 1039 3907 erant,
1054 3850 1148 3898 scilicet
1160 3850 1196 3898 illi
1213 3853 1239 3899 D

209 3934 235 3981 8.
251 3932 284 3979 Id
301 3931 390 3978 crimen
406 3929 504 3995 afferri,
522 3928 603 3992 quod,
624 3928 683 3991 quia
727 3928 849 3976 Numidae.
1232 3918 1235 3923 ’

172 4024 255 4060 testem
269 4011 358 4058 habere
375 4025 423 4056 non
437 4007 568 4071 potuisset,
586 4006 683 4054 liberius
761 4008 820 4056 Cir.
834 4008 958 4054 XXXIX.
971 4023 993 4056 1.
1009 4006 1140 4073 Praefictus
1149 4011 1238 4074 prasi-

171 4091 275 4158 fingenti
282 4091 329 4146 siu
342 4088 399 4137 vide
412 4086 444 4133 ad
457 4087 509 4146 IX,
524 4100 568 4147 19,
581 4101 607 4132 n.
617 4086 646 4144 3,
656 4096 681 4133 et
726 4085 774 4143 dii,
789 4085 909 4136 etc.Vitle
919 4086 952 4133 ad
964 4086 1123 4151 XXIWao,
1136 4104 1161 4138 n.
1175 4104 1198 4150 7.
