2782 4568
214 342 281 414 502
636 348 672 412 r.
704 347 843 414 mvn
1116 324 1242 434 &33:331

210 489 321 562 saque
338 465 375 534 in
392 465 543 535 Siciliam
562 479 682 551 erant,
701 479 785 534 octo
803 464 912 533 millia
933 462 1128 534 liberorum
1143 490 1269 536 servo·

210 599 365 669 rumque
391 576 549 671 capitum
576 588 660 645 sunt
682 589 793 671 capta.
816 574 1031 644 Laetissimus
1056 588 1176 645 tamen
1197 580 1270 645 Ro-

208 684 322 753 manis
343 685 380 752 in
405 685 583 780 principio
604 708 726 754 rerum
745 683 984 780 gerendarum
1005 683 1178 755 adventus
1197 683 1268 755 fuit

208 794 400 863 Masinissa
414 820 421 862 :
436 818 546 889 quem
559 792 707 890 quidam
720 817 803 864 cum
821 792 985 862 ducentis
998 791 1095 862 haud
1112 793 1267 890 amplius

208 902 409 998 equitibus,
424 904 588 1000 plerique
608 927 691 974 cum
707 902 819 973 duum
833 902 1007 974 millium²
1019 904 1182 999 equitatu
1195 918 1268 974 tra·

207 1009 301 1083 dunt
314 1015 462 1083 venisse.
473 1019 649 1085 Caeterum
661 1037 773 1108 quum
790 1013 897 1108 longe
913 1013 1088 1083 maximus
1101 1015 1265 1087 omnium

208 1123 319 1192 aetatis
337 1146 407 1191 suae
422 1147 549 1219 regum
563 1121 621 1191 hic
635 1120 759 1210 fuerit,
776 1122 1046 1218 plurimumque
1059 1148 1136 1194 rern
1151 1148 1266 1194 roma·

206 1256 289 1301 nam
313 1233 465 1327 juverit,
492 1234 785 1330 operaepretium
805 1231 962 1317 videtur,
982 1232 1154 1304 excedere
1172 1257 1265 1329 pau-

206 1342 321 1412 lulum
347 1342 392 1412 ad
412 1342 669 1430 enarrandum,
693 1367 802 1438 quam
823 1344 919 1411 varia
939 1340 1085 1411 fortuna
1105 1366 1191 1412 usus
1217 1343 1264 1412 sit

205 1455 244 1523 in
257 1453 456 1524 amittendo
465 1453 787 1550 recuperandoque
799 1467 949 1550 paterno
959 1477 1082 1549 regno.
1093 1452 1263 1521 Militanti

205 1588 272 1662 pro
292 1564 644 1662 Carthaginiensibus
663 1566 701 1633 in
725 1564 893 1661 Hispania
912 1578 1015 1660 pater
1034 1565 1067 1632 ei
1087 1564 1260 1632 moritur:

206 1675 302 1745 Galae
325 1700 460 1746 nomen
484 1689 570 1745 erat.
597 1680 760 1769 Regnum
784 1672 829 1742 ad
852 1670 996 1742 fratrem
1023 1673 1115 1767 regis
1139 1672 1261 1742 OEsal·

205 1782 318 1873 cem3,
327 1774 573 1882 pergrandem
593 1799 680 1855 natu
696 1784 816 1880 (mos
808 1798 857 1853 ita
871 1782 967 1879 apud
980 1781 1152 1853 Numidas
1166 1780 1259 1874 est),

203 1898 378 2020 pervenit.
397 1896 501 1967 Haud
521 1896 637 1965 multo
650 1908 750 2018 post,
765 1894 913 1965 OEsalce
931 1917 1079 1988 quoque
1095 1906 1258 1977 mortuo,

202 2008 317 2101 major
338 2031 382 2077 ex
401 1976 544 2077 dudbus
563 2003 693 2076 filiis
662 2029 740 2100 ejus
754 2003 912 2100 Ωειριιεα,
928 2028 1044 2101 puero
1062 2002 1259 2075 admodum

165 2105 166 2108 ¹
202 2116 314 2186 altero
324 2130 546 2213 ‚paternum
565 2116 755 2211 imperium
774 2115 921 2211 accepit.
947 2117 1125 2184 Caeterum
1144 2137 1258 2209 quum

202 2224 314 2317 magis
336 2225 416 2316 jure
440 2226 573 2319 gentis,
597 2248 706 2320 quam
733 2225 943 2294 auctoritate
967 2224 1062 2293 inter
1087 2246 1171 2293 suos
1196 2235 1259 2292 aut

200 2330 353 2419 viribus,
362 2323 543 2415 obtineret
552 2357 704 2428 regnum
716 2360 725 2419 3
740 2334 872 2403 exstitit
887 2333 1048 2429 quidam,
1059 2333 1258 2404 Mezetulus

203 2441 386 2527 nominet,
401 2466 476 2511 non
490 2441 627 2512 alienus
642 2444 814 2539 sanguine
832 2440 996 2539 regibus,
1007 2441 1145 2513 familiae
1162 2466 1257 2512 sem-

201 2575 268 2648 per
282 2551 451 2638 inimicae‚
466 2541 510 2621 ac
523 2550 567 2621 de
583 2552 734 2647 imperio
750 2553 846 2621 varia
859 2549 1004 2621 fortuna
1018 2576 1101 2623 cum
1116 2552 1174 2638 iis,
1192 2554 1257 2648 qui

199 2675 277 2732 tum
292 2660 522 2748 obtinebant,
536 2662 715 2732 certantis.
735 2667 789 2749 Is,
807 2663 992 2733 concitatis
1007 2661 1255 2758 popularibus,

199 2771 295 2868 apud
315 2796 424 2867 quos,
445 2772 577 2843 invidia
598 2797 742 2869 regum,
765 2797 902 2870 magna
921 2773 1140 2844 auctoritatis
1161 2788 1254 2861 erat,

198 2969 260 3016 Pun.
273 2975 303 3023 14
312 2984 349 3030 sq.
361 2969 440 3017 multo
453 2971 533 3018 minus
546 2973 667 3021 subtiliter
677 2972 704 3019 in
747 2973 859 3020 nesGali.
868 2973 1007 3028 OEsalcem‚
1016 2983 1040 3019 et
1049 2972 1113 3019 idem
1119 2987 1209 3019 nomen
1218 2983 1254 3020 est

195 3045 234 3093 his
243 3057 360 3094 versatum
372 3063 431 3094 esse.
747 3052 837 3099 Isalcas
848 3053 949 3108 xxm,
964 3051 994 3097 18
1009 3067 1046 3113 pr.
1061 3062 1085 3098 et
1100 3050 1142 3097 Sil.
1150 3052 1182 3108 V,
1192 3052 1253 3114 289.

232 3140 257 3171 a.
268 3125 342 3186 Quem
352 3125 453 3187 quidam
462 3143 516 3173 cnm
528 3127 567 3174 CC
574 3128 700 3190 equitibus,
746 3130 824 3177 Grun.
837 3157 872 3165 —
887 3131 941 3175 Mos
951 3127 988 3176 ita
998 3128 1067 3192 apud
1074 3129 1252 3186 Numidam,-

192 3202 305 3266 pleriqne
323 3219 376 3249 cum
394 3206 461 3261 MM,
476 3216 522 3252 etc.
537 3206 567 3254 cf.
580 3205 611 3251 ad
622 3222 643 3252 c.
655 3207 702 3264 33,
746 3208 797 3254 vid.
811 3210 881 3256 Grot.
896 3208 925 3254 de
938 3210 997 3256 Jure
1009 3206 1068 3253 belii
1081 3217 1106 3254 et
1118 3207 1200 3270 pacis,
1213 3209 1251 3266 11,

196 3281 447 3339 n.6.-Excedere,
462 3283 701 3346 digrediajuotore-
747 3303 770 3347 7,
783 3293 826 3341 at.
839 3313 874 3321 -
894 3285 971 3350 Magis
976 3285 1034 3349 jure
1042 3284 1134 3349 gentis,
1158 3301 1249 3347 qnam,

196 3376 249 3407 rum
267 3360 439 3407 narrandarum
459 3362 556 3420 ordine,
573 3362 699 3426 digressio·
744 3375 791 3411 ete.
809 3366 935 3414 Creverius
955 3365 991 3410 sic
1013 3363 1141 3427 distinguit
1163 3364 1251 3411 horum

194 3455 251 3487 nem
265 3440 351 3486 facere.
369 3440 410 3487 Ad
427 3457 494 3504 seqq.
512 3442 578 3489 conf.
592 3443 698 3506 Appian.
743 3443 828 3490 vocab.
840 3458 954 3491 sensum:
972 3444 1018 3490 Jns
1033 3443 1111 3505 gentis
1122 3458 1202 3506 regern
1215 3443 1250 3491 le·

194 3519 255 3565 Pun.
266 3533 294 3564 11
307 3534 344 3580 aq.
357 3546 392 3554 -
400 3518 519 3566 Militanti
526 3537 574 3584 pro
593 3520 618 3567 C.
630 3521 655 3567 in
666 3523 697 3570 H.
743 3522 867 3585 gitirnum,
880 3522 1012 3569 auctoritas
1026 3521 1200 3581 venerabilem,
1213 3523 1249 3569 vi-

190 3607 264 3659 pater
272 3597 296 3643 ei
304 3597 474 3645 moriturhene
486 3597 555 3646 dedit
564 3603 640 3648 Gron.
651 3616 697 3664 pro
740 3615 778 3646 res
791 3611 916 3664 potentem
930 3599 1030 3646 faciunt.
1045 3602 1091 3648 En.

193 3675 259 3738 vulg.
275 3675 393 3722 militante
406 3693 434 3723 eo
441 3693 488 3740 pro
504 3677 529 3723 Ο.
546 3677 570 3724 in
582 3680 614 3725 H.
623 3691 698 3742 pater
777 3686 801 3734 4.
818 3679 951 3726 Mezetulus
975 3678 1071 3727 nomine
1078 3698 1088 3736 ;
1107 3679 1248 3738 Μεσότυλος

194 3751 244 3814 ejus
257 3769 288 3802 m.
302 3754 348 3801 Sed
357 3758 438 3818 potius
449 3756 496 3803 del.
506 3756 533 3806 τὸ
544 3757 580 3812 ci,
593 3757 696 3821 velpost
739 3755 804 3819 apud
817 3757 923 3820 Appiam.
938 3759 999 3803 Pun.
1016 3759 1057 3805 33.
1069 3785 1104 3794 -
1119 3760 1175 3805 Non
1188 3758 1248 3805 alie·

193 3828 308 3877 militanti
316 3834 468 3895 ponendum
479 3836 553 3883 Doer.
740 3851 784 3880 nus
799 3834 897 3896 quidem
913 3851 926 3881 a
944 3836 1062 3900 sangnine
1080 3837 1189 3902 regibus,
1211 3853 1248 3884 re-

227 3907 250 3954 3.
262 3911 367 3972 Regnum
376 3913 413 3960 ad
416 3912 522 3976 fratrem
532 3904 594 3978 regis
608 3916 693 3962 OEsal-
737 3929 807 3977 gum,
818 3913 860 3959 sed
861 3912 969 3978 familia
972 3949 981 3972 ,
995 3931 1026 3962 ex
1036 3916 1140 3974 familia,
1151 3928 1198 3964 etc.
1206 3917 1247 3964 Sic

191 3989 691 4055 cempervenit:pleriqueMSSetedd.De·
737 3992 1039 4057 alienasanguinavestro
1062 3994 1131 4061 (non
1141 3995 1246 4060 propin-

191 4065 343 4115 salcem:sed
354 4072 509 4121 Flor.Voss.a
518 4089 604 4121 mser.
612 4084 636 4122 et
644 4090 694 4122 om·
737 4086 800 4132 qua,
812 4084 930 4135 cognata,
943 4089 957 4121 e
968 4089 1054 4137 genere
1065 4075 1162 4140 vestro)
1178 4074 1245 4138 apud
