2768 4574
182 274 308 392 stin
395 304 547 370 Lissa
579 303 741 370 xxvu.
771 258 877 368 cir.
905 302 991 369 xx.
1153 299 1225 398 269

156 434 212 497 nis
239 438 430 521 occupatos
460 428 622 492 omnium
648 427 790 491 animos
808 418 960 517 publice
976 425 1225 518 privatimque

157 563 251 623 esse,
269 560 335 606 nec
349 533 621 604 transitionibus
625 534 747 628 finem
761 531 953 620 antefore,
972 556 1085 627 quam
1101 557 1226 604 omnes

158 649 306 745 ln'spani
318 644 446 715 milites
463 660 530 714 aut
543 649 580 712 in
594 642 721 712 ultima
728 647 922 738 Hispania
931 647 1059 727 amoti,
1075 659 1142 713 aut
1153 659 1226 714 tra·

158 760 259 828 ducti
273 762 309 825 in
330 753 488 825 Galliam
496 754 634 844 forent.
654 759 798 848 Itaque,
819 756 963 821 etiamsi
977 767 1124 822 senatus
1142 756 1226 823 Car·

159 869 441 964 thaginicnsium
460 890 534 934 non
555 860 779 950 censuisset³‚
807 863 967 933 eundum
987 880 1109 934 tamen
1128 869 1225 935 Has-

159 979 437 1068 drubalisuisse
459 984 496 1047 in
519 970 684 1063 ltaliam,
709 976 775 1046 ubi
797 975 883 1046 belli
902 993 1014 1073 caput
1035 1001 1227 1074 rerumque

158 1115 302 1162 summa
330 1105 440 1174 esset;
456 1086 577 1157 vsimul
590 1103 643 1157 ut
662 1091 849 1184 Hispanos
876 1110 1000 1156 omncs
1013 1138 1016 1145 -
1018 1085 1156 1183 procul
1177 1086 1227 1157 ab

160 1207 306 1272 nomine
325 1202 501 1297 Scipionis
520 1222 568 1267 cx
586 1202 771 1295 Hispania
791 1196 995 1266 abduceret.
1015 1200 1228 1267 Exercitum

160 1314 253 1406 ejus,
272 1334 386 1406 quum
402 1307 690 1394 transitionibus,
705 1323 781 1396 turn
802 1306 951 1376 adverso
957 1305 1091 1405 proelio
1108 1312 1226 1377 immi-

160 1436 305 1505 nutum,
319 1423 494 1514 Hispanis
511 1417 643 1516 repleri
655 1417 838 1487 militibus.
849 1421 885 1487 E
886 1433 902 1485 t
910 1422 1122 1512 Magonem,
1134 1422 1229 1489 Has-

162 1528 322 1618 drubali,
351 1533 516 1624 Gisgonis
527 1528 631 1624 filio,
660 1529 791 1598 tradito
814 1533 988 1614 exercitu,
1009 1535 1127 1626 ipsum
1146 1554 1228 1598 cum

157 1643 295 1738 grandi
308 1646 473 1738 pecunia
491 1638 553 1711 ad
574 1639 811 1709 conducenda
838 1639 1002 1710 mercede
1015 1638 1170 1709 ‘auxilia
1191 1645 1228 1708 in

161 1752 324 1823 Baliares
349 1754 523 1847 trajicere.
544 1749 818 1821 Hasdrubalem
840 1753 1005 1846 Gisgonis
1026 1776 1109 1823 cum
1126 1776 1230 1820 eaer-

162 1870 234 1941 citu
252 1868 401 1961 penitus
421 1867 457 1931 in
477 1865 703 1930 Lusitaniam
725 1861 847 1949 abire,
868 1886 933 1931 nec
951 1886 1034 1932 cum
1055 1867 1230 1933 Romanis

162 1999 293 2050 manus
315 1997 509 2043 conserere.
530 1976 738 2043 Masinissa
754 1996 802 2041 eac
822 1976 925 2041 omni
939 1977 1115 2068 equitatu,
1131 1971 1234 2069 quod

162 2083 302 2154 roboris
328 2099 432 2170 essct,
464 2088 532 2154 tria
559 2081 674 2152 millia
699 2088 860 2180 equitum
887 2083 1028 2181 eupleri
1037 2111 1049 2171 ,·
1076 2108 1232 2181 eumque
1292 2074 1298 2086 ⁸

162 2219 300 2290 vagum
315 2220 390 2292 per
402 2199 605 2267 citeriorem
619 2198 842 2290 Hispaniam
861 2199 966 2264 sociis
990 2219 1096 2291 opem
1107 2196 1247 2286 fine,-

163 2307 321 2388 liostr‘um
345 2306 482 2404 oppida
507 2320 618 2402 atque
638 2328 746 2400 agros
762 2303 1036 2402 populari.1His
1059 2303 1231 2393 decretis,
1258 2350 1261 2355 -

163 2415 208 2485 ad
224 2415 472 2511 exsequenda,
492 2440 573 2512 quae
594 2428 813 2502 statuerant,
835 2413 945 2486 duces
965 2414 1125 2512 digressi.
1145 2413 1231 2487 ‘Haec

165 2549 209 2594 eo
231 2549 328 2594 anno
350 2526 389 2594 in
403 2525 584 2622 Hispania
606 2538 705 2612 acta3
726 2528 849 2599 Romae
872 2523 966 2596 fama
990 2527 1168 2623 Scipionis
1192 2527 1230 2596 in

164 2631 243 2701 dies
264 2655 424 2704 crescere
448 2661 455 2703 :
481 2632 593 2704 Fabio
616 2639 814 2705 Tarentum
828 2649 985 2732 captum
1003 2651 1083 2707 astu
1101 2637 1232 2734 magis,

165 2764 276 2838 quam
302 2743 456 2831 virtute,
476 2743 596 2839 gloriae
619 2758 741 2814 tamen
764 2768 842 2814 esse
869 2770 877 2812 :
903 2743 1018 2818 Fulvii
1045 2769 1232 2816 senescere

165 2848 302 2920 sarnai:
321 2850 513 2922 Marcellus
532 2853 640 2922 etiam
665 2850 816 2923 adverso
835 2877 982 2923 rumore
1008 2879 1102 2941 esse,
1123 2879 1234 2952 super

165 2985 277 3060 quam
303 2959 405 3057 quod
427 2962 546 3059 primo
571 2961 671 3033 male·
689 2977 933 3059 pugnaverat,
958 2965 1060 3059 quia,
1079 2980 1232 3062 vagante

165 3096 232 3171 per
257 3071 398 3142 Italiam
427 3070 654 3159 Hannibale,
679 3072 798 3143 inedia
823 3088 944 3146 aestate
973 3077 1168 3146 Venusiam
1194 3078 1234 3146 in

166 3195 262 3252 tecta
276 3179 407 3252 milites
422 3177 639 3251 abduxisset.
662 3183 835 3254 Inimicus
850 3199 926 3254 erat
946 3185 978 3254 ei
995 3188 1033 3255 G.
1051 3185 1235 3257 Publicius

166 3291 316 3362 Bibulus
331 3288 501 3360 tribunus
519 3287 661 3387 plebis:
684 3292 714 3362 is
726 3291 800 3386 jam
820 3317 841 3363 a
860 3293 978 3390 prima
993 3318 1137 3393 pugna,
1155 3322 1235 3393 quae

167 3399 315 3471 adversa
341 3397 479 3489 fuerat,
498 3398 649 3471 assiduis
663 3401 914 3474 concionibus
939 3403 1112 3476 infamem.
1141 3407 1234 3477 invi·
1280 3395 1283 3401 ’

167 3587 193 3626 et
203 3593 284 3632 secum
297 3578 480 3641 reputantibus,
491 3588 519 3627 ut
527 3577 571 3626 lib.
583 3580 623 3638 11,
637 3579 678 3626 35,
724 3586 797 3644 supra
806 3579 838 3627 ad
847 3579 938 3627 librum
947 3581 1048 3642 xxvl,
1059 3597 1112 3645 cap.
1122 3583 1167 3641 32,
1177 3600 1202 3631 n,
1211 3596 1235 3632 r.

205 3656 229 3704 3.
243 3655 349 3703 Etiamsi
359 3669 458 3705 senatus
473 3656 615 3722 carthagin.
630 3674 680 3705 non
761 3665 785 3712 4.
799 3659 878 3707 Fulvii
895 3675 1016 3706 senescere
1023 3659 1188 3724 famasvide
1202 3664 1234 3712 ad

168 3733 312 3791 censuisset,
326 3747 373 3783 etc.
384 3735 456 3785 Cous.
465 3738 569 3796 xxm,
584 3753 626 3799 27,
638 3737 680 3784 28.
725 3740 751 3794 Ι,
765 3754 812 3795 aa,
823 3754 849 3785 n.
861 3739 885 3786 3.
900 3765 936 3774 -
950 3739 1027 3802 Super
1034 3756 1109 3803 quam
1119 3742 1188 3805 quod
1199 3743 1234 3810 (v.

168 3842 203 3853 -
213 3813 276 3861 Belli
284 3824 358 3878 caput
367 3829 494 3879 rerumque
503 3832 612 3874 summm
624 3816 682 3869 vide
725 3816 757 3865 ad
766 3818 844 3865 xxu
850 3850 857 3875 ‚
872 3818 900 3876 3,
911 3834 938 3866 n.
951 3813 980 3882 8)
997 3819 1061 3865 male
1065 3834 1221 3884 pugnaverat
1224 3841 1236 3880 ,-

169 3894 306 3954 ad111‚5‚
325 3893 682 3959 n.6‚etvl‚14‚n.9.-
724 3895 777 3945 vid.
790 3895 822 3942 ad
833 3913 886 3960 cap.
898 3913 928 3955 a,
942 3906 1029 3953 1²⁴4·
1041 3925 1076 3935 —-
1091 3900 1236 3959 Venusiam,-

169 3975 247 4022 Simnl
263 3985 299 4031 et,
317 3974 334 4022 f.
353 3985 387 4022 ut.
408 3975 447 4022 De
466 3973 595 4026 infinitivis
614 3992 682 4039 seqq.
726 3974 865 4024 Sinuessam
881 3974 1092 4041 ap.=Plutarch.in
1105 3980 1237 4041 Marcello,

170 4054 268 4120 repleri,
284 4052 406 4120 trajicere,
421 4069 558 4113 conserere,
573 4066 619 4109 etc.
629 4053 681 4102 vid.
726 4071 752 4119 p.
763 4055 822 4102 313.
834 4057 860 4103 F.
897 4085 902 4094 =
921 4073 926 4082 =
