2768 4574
180 273 304 381 &15:322
353 292 448 360 Lis.
475 289 646 357 xxvii.
666 285 772 355 car.
793 263 901 352 'xxt
925 275 1054 352 xxn.
1156 306 1221 380 ψ

157 417 215 487 die
234 400 409 513 praetores
427 410 539 482 creati
556 412 592 478 P.
606 397 931 511 Licinius-''Grassus
948 405 1081 495 Dives,
1103 407 1227 503 ponti-

101 532 104 537 ’
156 527 215 597 fex
233 525 432 609 maximus,
449 525 485 591 P.
504 519 664 591 Licinius
676 520 811 618 Varus,
831 520 909 587 Sex.
930 512 1072 587 Julius⁵
1092 519 1227 603 Caesar,

156 641 205 726 Q.
222 634 394 714 Claudius
408 632 566 702 Flamen.
581 613 824 701 Comitiorum
837 629 999 724 ipsorum
1016 627 1143 699 diebus
1157 629 1230 700 sol·

156 747 254 816 licita
276 744 399 815 civitas
421 741 467 812 de
487 741 639 815 Etruriae
662 737 867 809 defectione
889 736 984 807 fuit:
1008 739 1229 837 principium

158 858 236 951 ejus
255 856 310 925 rei
334 852 379 924 ab
398 851 575 922 Arretinis
596 847 696 938 fieri,
719 852 759 919 C.
773 844 993 946 Calpurnius
1020 849 1230 946 scripserat,

157 967 223 1062 qui
250 988 328 1034 eam
353 961 578 1059 provinciam
600 954 670 1058 pro
695 971 852 1060 praetore
877 955 1079 1028 obtinebat.
1103 964 1231 1055 Itaque

158 1074 349 1147 confestim
376 1096 424 1142 eo
448 1071 578 1142 missus
606 1068 816 1156 Marcellus,
844 1068 974 1139 consul
1001 1067 1231 1167 designatus,

159 1187 225 1284 qui
242 1172 575 1278 rem'inspiceret⁶‚
592 1201 654 1267 ac,
673 1180 703 1250 si
724 1176 835 1276 digna
852 1176 1055 1267 videretur,
1072 1181 1234 1250 exercitu

159 1297 274 1374 accito
286 1349 296 1383 ,
310 1292 448 1364 bellum
466 1317 512 1362 ex
525 1290 656 1388 Apulia
676 1291 716 1360 in
738 1291 920 1360 Etruriam
935 1289 1147 1362 transferret
1163 1319 1171 1360 ε
1188 1315 1233 1361 eo

159 1421 261 1478 metu
276 1403 472 1502 compressi
486 1403 627 1473 Etrusci
641 1401 870 1498 quieverunt.
889 1402 1171 1472 Tarentinorum
1186 1402 1235 1472 le·

160 1517 250 1614 gatis
268 1537 396 1612 pacem
415 1510 627 1610 petentibus
648 1535 738 1581 cum·
752 1509 921 1581 libertate
939 1535 980 1581 ac
997 1510 1138 1609 legibus
1160 1513 1235 1583 suis

159 1641 378 1725 responsum
396 1622 441 1693 ab
461 1637 590 1696 senatu
612 1636 685 1712 est,
705 1612 749 1692 ut
766 1611 949 1707 redirent,
969 1646 1086 1717 quum
1102 1620 1234 1693 Fabius

161 1736 288 1806 consul
304 1741 455 1806 Romam
467 1734 633 1804 venisset.
655 1730 753 1802 Ludi
771 1736 807 1801 et
821 1733 965 1801 romani
986 1745 1023 1801 et
1040 1730 1175 1829 plebeii
1190 1757 1235 1803 eo

161 1867 259 1913 anno
277 1844 314 1912 in
335 1842 498 1939 singulos
515 1841 591 1913 dies
608 1841 808 1912 instaurati.
824 1839 957 1912 AEdiles
970 1842 1115 1914 curules
1132 1841 1235 1915 fuere
1271 1918 1274 1935 ‚

161 1957 201 2023 L.
216 1954 408 2024 Corneliu's
419 1952 606 2024 Caudinus
619 1965 655 2022 et
669 1955 743 2022 Se'r.
755 1950 935 2048 Sulpicius
943 1940 1059 2022 Galba
1076 1979 1083 2020 :
1100 1951 1235 2050 plebeii

161 2066 200 2133 C.
216 2063 387 2135 Servilius
407 2078 443 2134 et
463 2062 686 2154 Q.'Caecilius
706 2061 886 2132 Metellus.
916 2060 1107 2132 Servilium
1124 2085 1236 2160 nega·

163 2171 275 2243 bant⁷
296 2173 379 2267 jure
403 2187 466 2242 aut
488 2171 683 2243 tribunum
707 2169 824 2268 plebis
851 2169 983 2261 fuisse,
1011 2185 1074 2241 aut
1096 2173 1236 2244 aedilem

162 2309 262 2373 esse,
280 2283 382 2380 quod
401 2298 541 2382 patrem
561 2283 657 2379 ejus,
675 2306 788 2379 quem
808 2269 1038 2353 triumvirum
1055 2285 1238 2382 agrarium

113 2428 116 2432 ⁴
160 2396 323 2464 occisum
339 2418 360 2464 a
373 2395 469 2464 Boiis
487 2395 580 2464 circa
594 2394 775 2462 Mutinam
790 2416 867 2463 esse
881 2393 1009 2491 opinio
1023 2417 1089 2494 per
1107 2392 1236 2465 decem

163 2527 280 2573 annos
297 2502 432 2592 fuerat,
451 2505 573 2576 vivere
592 2519 703 2601 atque
724 2503 764 2573 iu
783 2503 943 2574 hostiurn
958 2517 1140 2602 potestate
1159 2529 1237 2576 esse

165 2614 250 2682 satis
268 2612 469 2684 constabat.

214 2727 327 2792 XXII.
342 2724 546 2794 Undecimo
559 2748 659 2793 anno
672 2723 797 2820 punici
811 2721 900 2792 belli
910 2721 1137 2803 consulatum
1151 2725 1240 2796 inie-

166 2845 253 2902 runt
269 2832 516 2902 M.Marcellus
526 2834 698 2929 quintum
713 2833 775 2928 (ut
785 2841 1000 2904 numeretur
1014 2834 1240 2923 consulatus,

204 3025 227 3073 5.
240 3026 297 3072 Sex.
307 3024 386 3072 Julius
397 3024 492 3082 Caesar,
507 3025 601 3090 primus
611 3059 618 3084 ‚
637 3027 681 3090 qni
762 3042 785 3086 7.
792 3026 916 3074 Servilium
925 3026 1239 3091 negabant-..constaba13

166 3115 328 3163 memoratur,
351 3103 440 3152 Ocesar.
464 3104 499 3140 -'-
520 3105 549 3166 Q.
563 3103 681 3152 Claudius
725 3100 783 3152 vide
796 3106 828 3153 ad
840 3108 930 3166 XXX,
948 3122 992 3168 19,
1005 3122 1030 3153 n.
1046 3106 1099 3153 bet
1109 3107 1133 3154 6.
1147 3110 1239 3158 -Ca·

167 3185 268 3231 Flamen
283 3183 345 3250 (alii,
355 3183 514 3249 Flaminius),
527 3195 555 3231 ut
565 3183 681 3231 Sacerdo-
724 3185 809 3249 ptivoa
828 3185 855 3232 in
873 3201 1001 3233 servorum
1019 3201 1122 3232 numero
1140 3186 1240 3237 habitos

169 3274 203 3310 tes
216 3275 240 3312 et
255 3264 369 3312 Curiones
382 3263 483 3328 quidam
498 3263 571 3323 dicti,
586 3275 610 3311 et
622 3263 681 3310 hinc
725 3262 801 3310 fuisse
813 3274 885 3311 notat
895 3263 937 3311 hic
947 3264 1084 3312 Creverius.
1098 3267 1177 3313 Immo
1190 3284 1240 3314 ser-

168 3342 262 3405 posteri
275 3342 422 3401 Flaminini,
440 3355 469 3391 ut
482 3343 571 3390 Corvus
584 3342 683 3407 reliquit
726 3341 830 3390 vitutem
843 3359 857 3389 a
870 3341 949 3406 captis
962 3343 1075 3391 hostibus
1087 3342 1186 3393 initium
1198 3345 1242 3393 du·

171 3420 301 3479 Corvinum
314 3423 391 3470 Gron.
404 3423 477 3472 Conf.
490 3421 561 3487 Pigh.
571 3425 638 3471 Anu.
651 3421 684 3469 ad
727 3420 791 3468 xisse
801 3422 865 3468 inter
873 3437 958 3469 omnes
968 3433 1072 3470 constat.
1078 3423 1162 3484 Quum
1167 3425 1242 3490 igitur

170 3515 210 3546 an.
223 3499 283 3559 535,
294 3516 319 3564 p.
332 3501 389 3548 151.
727 3500 844 3548 Servilius
858 3501 987 3565 captivus,
1003 3519 1032 3550 ae
1041 3494 1146 3566 proinde
1157 3520 1242 3554 servus

206 3577 232 3624 6.
243 3577 292 3639 Qui
303 3595 353 3626 rem
365 3580 507 3646 inspiceret‚·
521 3597 546 3630 v.
561 3580 593 3629 ad
605 3581 683 3639 xxt,
727 3579 796 3643 apud
806 3580 890 3628 hostes
905 3591 983 3640 esset,
1003 3581 1098 3628 nullum
1116 3584 1245 3647 magistra-'

172 3658 201 3717 6,
211 3673 237 3705 n.
246 3664 270 3711 4.
277 3684 313 3692 -
320 3659 386 3706 Ludi
394 3671 419 3707 et
429 3660 527 3707 romani
535 3671 560 3707 et
563 3659 683 3724 plebeii...
728 3671 781 3708 tum
791 3661 847 3721 jure
857 3677 943 3725 capere
951 3673 1048 3725 poterat
1057 3661 1098 3709 hic
1107 3662 1159 3723 ejus
1168 3663 1242 3718 lilius.

172 3735 304 3783 instaurati
307 3754 318 3792 ;
329 3736 380 3784 vid.
390 3737 421 3785 ad
428 3741 466 3796 Il,
481 3741 528 3798 36,
541 3755 598 3788 n.1.
608 3741 684 3785 —In
728 3740 815 3803 Neque
830 3742 895 3788 enim
908 3740 999 3788 licebat
1015 3739 1093 3788 filium
1113 3743 1180 3804 ejus,
1198 3746 1242 3808 qui

89 3835 92 3859 l
173 3815 281 3880 singulos
295 3814 358 3872 dies,
378 3833 454 3864 unum
472 3819 579 3878 romani,
596 3835 684 3866 unum·
729 3819 841 3867 servituti
848 3819 1017 3880 subjiceretur,
1026 3820 1244 3889 magistratumpo·

172 3911 221 3958 que
239 3893 339 3959 plebeii.
354 3922 391 3930 —
409 3897 532 3945 Cornelius
553 3897 684 3946 Caudinus.
728 3898 783 3963 puli
803 3915 864 3947 rom.
883 3897 946 3947 lieri.
965 3901 1011 3947 En.
1032 3927 1068 3936 —-
1084 3901 1243 3951 Triumvirum

173 3973 281 4022 Cornelii
292 3989 435 4038 praenomen
448 3974 517 4024 deest
533 3977 560 4023 in
576 3979 684 4026 nonnul-
728 3976 932 4043 agrarinm5vid.
943 3976 976 4026 ad
986 3980 1032 4038 111,
1045 3995 1103 4040 r,n.
1112 3983 1242 4031 6.-—Du0
1343 4019 1348 4029 .

172 4054 217 4112 lis;
235 4053 308 4101 multi
322 4053 381 4102 dant
395 4053 533 4102 Gandinus.
542 4056 587 4105 En.
728 4073 788 4105 mox
796 4057 870 4106 codd.
881 4057 941 4107 dunt
948 4092 955 4118 ,
963 4059 1068 4107 occisum
1077 4077 1094 4106 a
1104 4063 1178 4111 Bolis.
1186 4064 1231 4111 En.
