<?xml version="1.0" encoding="UTF-8"?>
<!DOCTYPE html PUBLIC "-//W3C//DTD XHTML 1.0 Transitional//EN"
    "http://www.w3.org/TR/xhtml1/DTD/xhtml1-transitional.dtd">
<html xmlns="http://www.w3.org/1999/xhtml" xml:lang="en" lang="en">
 <head>
  <title>
</title>
<meta http-equiv="Content-Type" content="text/html;charset=utf-8" />
  <meta name='ocr-system' content='tesseract 3.04.00' />
  <meta name='ocr-capabilities' content='ocr_page ocr_carea ocr_par ocr_line ocrx_word'/>
</head>
<body>
  <div class='ocr_page' id='page_1' title='image "./titusliviuspata04freigoog_0336.png"; bbox 0 0 2768 4574; ppageno 0'>
   <div class='ocr_carea' id='block_1_1' title="bbox 155 326 1217 371">
    <p class='ocr_par' dir='ltr' id='par_1_1' title="bbox 155 326 1217 371">
     <span class='ocr_line' id='line_1_1' title="bbox 155 326 1217 371; baseline -0.008 0"><span class='ocrx_word' id='word_1_1' title='bbox 155 326 1217 371; x_wconf 60' lang='lat' dir='ltr'>mmsmmwummmwtwnmwsmmmmwummmmmvffl</span> 
     </span>
    </p>
   </div>
   <div class='ocr_carea' id='block_1_2' title="bbox 402 493 983 632">
    <p class='ocr_par' dir='ltr' id='par_1_2' title="bbox 402 493 983 632">
     <span class='ocr_line' id='line_1_2' title="bbox 402 493 983 632; baseline -0.009 -9"><span class='ocrx_word' id='word_1_2' title='bbox 402 535 456 624; x_wconf 81' lang='lat' dir='ltr'>r.</span> <span class='ocrx_word' id='word_1_3' title='bbox 488 493 647 632; x_wconf 75' lang='lat' dir='ltr'>alvu</span> <span class='ocrx_word' id='word_1_4' title='bbox 683 533 983 623; x_wconf 76' lang='lat' dir='ltr'>pararant</span> 
     </span>
    </p>
   </div>
   <div class='ocr_carea' id='block_1_3' title="bbox 247 698 1192 1085">
    <p class='ocr_par' dir='ltr' id='par_1_3' title="bbox 247 698 1192 1085">
     <span class='ocr_line' id='line_1_3' title="bbox 247 698 1192 1085; baseline -0.006 -139.727"><span class='ocrx_word' id='word_1_5' title='bbox 247 788 760 1049; x_wconf 88' lang='lat' dir='ltr'>HISTORI</span> <span class='ocrx_word' id='word_1_6' title='bbox 770 698 1192 1085; x_wconf 83' lang='lat' dir='ltr'>ARUM</span> 
     </span>
    </p>
   </div>
   <div class='ocr_carea' id='block_1_4' title="bbox 473 1111 903 1170">
    <p class='ocr_par' dir='ltr' id='par_1_4' title="bbox 473 1111 903 1170">
     <span class='ocr_line' id='line_1_4' title="bbox 473 1111 903 1170; baseline -0.002 -2"><span class='ocrx_word' id='word_1_7' title='bbox 473 1113 529 1168; x_wconf 79' lang='grc' dir='ltr'>ΑΒ</span> <span class='ocrx_word' id='word_1_8' title='bbox 556 1111 674 1169; x_wconf 89' lang='lat' dir='ltr'>URBE</span> <span class='ocrx_word' id='word_1_9' title='bbox 700 1112 903 1170; x_wconf 83' lang='lat' dir='ltr'>CONDITA</span> 
     </span>
    </p>
   </div>
   <div class='ocr_carea' id='block_1_5' title="bbox 415 1269 957 1418">
    <p class='ocr_par' dir='ltr' id='par_1_5' title="bbox 415 1269 957 1418">
     <span class='ocr_line' id='line_1_5' title="bbox 415 1269 957 1418; baseline -0.013 0"><span class='ocrx_word' id='word_1_10' title='bbox 415 1315 650 1418; x_wconf 91' lang='lat' dir='ltr'>LIBER</span> <span class='ocrx_word' id='word_1_11' title='bbox 692 1269 957 1417; x_wconf 86' lang='lat' dir='ltr'>XXVIII.</span> 
     </span>
    </p>
   </div>
   <div class='ocr_carea' id='block_1_6' title="bbox 436 1581 941 1623">
    <p class='ocr_par' dir='ltr' id='par_1_6' title="bbox 436 1581 941 1623">
     <span class='ocr_line' id='line_1_6' title="bbox 436 1581 941 1623; baseline 0.006 -4"><span class='ocrx_word' id='word_1_12' title='bbox 436 1581 941 1623; x_wconf 67' lang='lat'>——---000—-7-—-</span> 
     </span>
    </p>
   </div>
   <div class='ocr_carea' id='block_1_7' title="bbox 532 1769 851 1836">
    <p class='ocr_par' dir='ltr' id='par_1_7' title="bbox 532 1769 851 1836">
     <span class='ocr_line' id='line_1_7' title="bbox 532 1769 851 1836; baseline 0 -1"><span class='ocrx_word' id='word_1_13' title='bbox 532 1769 851 1836; x_wconf 83' lang='lat' dir='ltr'>BREVIARIUM.</span> 
     </span>
    </p>
   </div>
   <div class='ocr_carea' id='block_1_8' title="bbox 120 1935 1294 4155">
    <p class='ocr_par' dir='ltr' id='par_1_8' title="bbox 120 1935 1294 4155">
     <span class='ocr_line' id='line_1_8' title="bbox 156 1935 1227 2023; baseline -0.003 -23"><span class='ocrx_word' id='word_1_14' title='bbox 156 1948 225 2001; x_wconf 76' lang='lat' dir='ltr'>Car.</span> <span class='ocrx_word' id='word_1_15' title='bbox 238 1946 268 2013; x_wconf 86' lang='lat'>13</span> <span class='ocrx_word' id='word_1_16' title='bbox 280 1946 315 1999; x_wconf 92' lang='lat' dir='ltr'>In</span> <span class='ocrx_word' id='word_1_17' title='bbox 330 1939 472 2018; x_wconf 89' lang='lat' dir='ltr'>Hispania</span> <span class='ocrx_word' id='word_1_18' title='bbox 486 1935 809 2015; x_wconf 81' lang='lat' dir='ltr'>Hasdrubal,Gisgonis</span> <span class='ocrx_word' id='word_1_19' title='bbox 822 1937 913 2012; x_wconf 87' lang='lat' dir='ltr'>lilius,</span> <span class='ocrx_word' id='word_1_20' title='bbox 924 1951 1107 1997; x_wconf 79' lang='lat' dir='ltr'><strong>concesserat</strong></span> <span class='ocrx_word' id='word_1_21' title='bbox 1117 1939 1227 2023; x_wconf 86' lang='lat' dir='ltr'>Gades:</span> 
     </span>
     <span class='ocr_line' id='line_1_9' title="bbox 171 2025 1228 2110; baseline 0 -20"><span class='ocrx_word' id='word_1_22' title='bbox 171 2053 173 2057; x_wconf 71' lang='grc'>’</span> <span class='ocrx_word' id='word_1_23' title='bbox 196 2033 329 2110; x_wconf 79' lang='lat' dir='ltr'>Magonis</span> <span class='ocrx_word' id='word_1_24' title='bbox 339 2031 586 2090; x_wconf 80' lang='lat' dir='ltr'>autemexercitus</span> <span class='ocrx_word' id='word_1_25' title='bbox 595 2030 693 2088; x_wconf 89' lang='lat' dir='ltr'>multis</span> <span class='ocrx_word' id='word_1_26' title='bbox 701 2031 806 2108; x_wconf 92' lang='lat' dir='ltr'>copiis,</span> <span class='ocrx_word' id='word_1_27' title='bbox 818 2044 880 2090; x_wconf 92' lang='lat' dir='ltr'>tum</span> <span class='ocrx_word' id='word_1_28' title='bbox 891 2032 1031 2090; x_wconf 85' lang='lat' dir='ltr'>eforica</span> <span class='ocrx_word' id='word_1_29' title='bbox 1040 2025 1078 2092; x_wconf 89' lang='lat' dir='ltr'>ab</span> <span class='ocrx_word' id='word_1_30' title='bbox 1084 2027 1228 2092; x_wconf 83' lang='lat' dir='ltr'>Hannone</span> 
     </span>
     <span class='ocr_line' id='line_1_10' title="bbox 195 2122 1228 2204; baseline 0.002 -22"><span class='ocrx_word' id='word_1_31' title='bbox 195 2124 345 2197; x_wconf 83' lang='lat' dir='ltr'>adductis,</span> <span class='ocrx_word' id='word_1_32' title='bbox 366 2137 427 2182; x_wconf 92' lang='lat' dir='ltr'>tum</span> <span class='ocrx_word' id='word_1_33' title='bbox 448 2124 479 2181; x_wconf 92' lang='lat' dir='ltr'>in</span> <span class='ocrx_word' id='word_1_34' title='bbox 493 2122 650 2183; x_wconf 82' lang='lat' dir='ltr'>Celtiberia</span> <span class='ocrx_word' id='word_1_35' title='bbox 669 2124 854 2204; x_wconf 81' lang='lat' dir='ltr'>conscriptis,</span> <span class='ocrx_word' id='word_1_36' title='bbox 870 2138 972 2184; x_wconf 89' lang='lat' dir='ltr'>auctus</span> <span class='ocrx_word' id='word_1_37' title='bbox 990 2138 1061 2184; x_wconf 87' lang='lat' dir='ltr'>erat.</span> <span class='ocrx_word' id='word_1_38' title='bbox 1079 2126 1228 2184; x_wconf 87' lang='lat' dir='ltr'>Adversus</span> 
     </span>
     <span class='ocr_line' id='line_1_11' title="bbox 195 2216 1227 2288; baseline -0.002 -11"><span class='ocrx_word' id='word_1_39' title='bbox 195 2239 262 2277; x_wconf 92' lang='lat' dir='ltr'>eum</span> <span class='ocrx_word' id='word_1_40' title='bbox 281 2217 405 2276; x_wconf 84' lang='lat' dir='ltr'>mittitur</span> <span class='ocrx_word' id='word_1_41' title='bbox 422 2222 464 2275; x_wconf 88' lang='lat' dir='ltr'>M.</span> <span class='ocrx_word' id='word_1_42' title='bbox 486 2216 611 2276; x_wconf 86' lang='lat' dir='ltr'>Silanus.</span> <span class='ocrx_word' id='word_1_43' title='bbox 627 2249 668 2260; x_wconf 88' lang='lat'>-·</span> <span class='ocrx_word' id='word_1_44' title='bbox 685 2220 733 2288; x_wconf 76' lang='lat'>113</span> <span class='ocrx_word' id='word_1_45' title='bbox 750 2216 851 2275; x_wconf 88' lang='lat' dir='ltr'>Multis</span> <span class='ocrx_word' id='word_1_46' title='bbox 872 2216 1005 2276; x_wconf 87' lang='lat' dir='ltr'>hostibus</span> <span class='ocrx_word' id='word_1_47' title='bbox 1023 2217 1103 2276; x_wconf 89' lang='lat' dir='ltr'>caesis</span> <span class='ocrx_word' id='word_1_48' title='bbox 1121 2223 1227 2277; x_wconf 88' lang='lat' dir='ltr'>Hanno</span> 
     </span>
     <span class='ocr_line' id='line_1_12' title="bbox 194 2308 1229 2388; baseline 0 -18"><span class='ocrx_word' id='word_1_49' title='bbox 194 2311 279 2370; x_wconf 91' lang='lat' dir='ltr'>vivus</span> <span class='ocrx_word' id='word_1_50' title='bbox 292 2312 425 2388; x_wconf 91' lang='lat' dir='ltr'>capitur,</span> <span class='ocrx_word' id='word_1_51' title='bbox 434 2323 463 2368; x_wconf 88' lang='lat' dir='ltr'>et</span> <span class='ocrx_word' id='word_1_52' title='bbox 476 2314 564 2388; x_wconf 86' lang='lat' dir='ltr'>Mago</span> <span class='ocrx_word' id='word_1_53' title='bbox 579 2309 616 2367; x_wconf 83' lang='lat' dir='ltr'>ad</span> <span class='ocrx_word' id='word_1_54' title='bbox 630 2308 857 2384; x_wconf 83' lang='lat' dir='ltr'>Hasdrubalem,</span> <span class='ocrx_word' id='word_1_55' title='bbox 870 2310 1009 2370; x_wconf 88' lang='lat' dir='ltr'>Celtiberi</span> <span class='ocrx_word' id='word_1_56' title='bbox 1023 2311 1126 2370; x_wconf 91' lang='lat' dir='ltr'>domos</span> <span class='ocrx_word' id='word_1_57' title='bbox 1138 2311 1229 2370; x_wconf 85' lang='lat' dir='ltr'>diffu-</span> 
     </span>
     <span class='ocr_line' id='line_1_13' title="bbox 194 2402 1228 2484; baseline 0.001 -22"><span class='ocrx_word' id='word_1_58' title='bbox 194 2406 285 2484; x_wconf 79' lang='lat' dir='ltr'>giunt.</span> <span class='ocrx_word' id='word_1_59' title='bbox 300 2410 402 2482; x_wconf 87' lang='lat' dir='ltr'>Itaque</span> <span class='ocrx_word' id='word_1_60' title='bbox 419 2403 518 2483; x_wconf 91' lang='lat' dir='ltr'>Scipio</span> <span class='ocrx_word' id='word_1_61' title='bbox 533 2422 615 2482; x_wconf 90' lang='lat' dir='ltr'>spem</span> <span class='ocrx_word' id='word_1_62' title='bbox 629 2402 797 2467; x_wconf 89' lang='lat' dir='ltr'>debellandi</span> <span class='ocrx_word' id='word_1_63' title='bbox 817 2417 918 2462; x_wconf 88' lang='lat' dir='ltr'>nactus</span> <span class='ocrx_word' id='word_1_64' title='bbox 939 2404 1079 2463; x_wconf 84' lang='lat' dir='ltr'>adversus</span> <span class='ocrx_word' id='word_1_65' title='bbox 1093 2405 1228 2464; x_wconf 88' lang='lat' dir='ltr'>Hasdru-</span> 
     </span>
     <span class='ocr_line' id='line_1_14' title="bbox 193 2491 1229 2578; baseline -0.002 -22"><span class='ocrx_word' id='word_1_66' title='bbox 193 2498 289 2556; x_wconf 87' lang='lat' dir='ltr'>balem</span> <span class='ocrx_word' id='word_1_67' title='bbox 304 2499 414 2578; x_wconf 80' lang='lat' dir='ltr'>pergit,</span> <span class='ocrx_word' id='word_1_68' title='bbox 429 2498 480 2575; x_wconf 95' lang='lat' dir='ltr'>qui</span> <span class='ocrx_word' id='word_1_69' title='bbox 498 2497 658 2555; x_wconf 82' lang='lat' dir='ltr'>exercitum</span> <span class='ocrx_word' id='word_1_70' title='bbox 673 2515 790 2554; x_wconf 85' lang='lat' dir='ltr'>ornnem</span> <span class='ocrx_word' id='word_1_71' title='bbox 805 2491 911 2574; x_wconf 85' lang='lat' dir='ltr'>passim</span> <span class='ocrx_word' id='word_1_72' title='bbox 927 2496 1032 2555; x_wconf 84' lang='lat' dir='ltr'>dividit</span> <span class='ocrx_word' id='word_1_73' title='bbox 1045 2497 1076 2554; x_wconf 90' lang='lat' dir='ltr'>in</span> <span class='ocrx_word' id='word_1_74' title='bbox 1088 2497 1229 2573; x_wconf 78' lang='lat' dir='ltr'>civitates.</span> 
     </span>
     <span class='ocr_line' id='line_1_15' title="bbox 194 2590 1229 2669; baseline 0.001 -21"><span class='ocrx_word' id='word_1_75' title='bbox 194 2622 234 2634; x_wconf 94' lang='lat'>-</span> <span class='ocrx_word' id='word_1_76' title='bbox 246 2595 308 2663; x_wconf 89' lang='lat' dir='ltr'>HI;</span> <span class='ocrx_word' id='word_1_77' title='bbox 332 2591 408 2650; x_wconf 90' lang='lat' dir='ltr'>Hinc</span> <span class='ocrx_word' id='word_1_78' title='bbox 421 2590 520 2668; x_wconf 91' lang='lat' dir='ltr'>Scipio</span> <span class='ocrx_word' id='word_1_79' title='bbox 535 2590 598 2668; x_wconf 90' lang='lat' dir='ltr'>ipse</span> <span class='ocrx_word' id='word_1_80' title='bbox 617 2602 697 2648; x_wconf 91' lang='lat' dir='ltr'>retro</span> <span class='ocrx_word' id='word_1_81' title='bbox 715 2590 804 2649; x_wconf 87' lang='lat' dir='ltr'>vertit</span> <span class='ocrx_word' id='word_1_82' title='bbox 821 2591 893 2663; x_wconf 75' lang='lat' dir='ltr'>iter,</span> <span class='ocrx_word' id='word_1_83' title='bbox 906 2603 935 2647; x_wconf 92' lang='lat' dir='ltr'>et</span> <span class='ocrx_word' id='word_1_84' title='bbox 952 2595 986 2648; x_wconf 93' lang='lat' dir='ltr'>L.</span> <span class='ocrx_word' id='word_1_85' title='bbox 1005 2591 1120 2669; x_wconf 79' lang='lat' dir='ltr'>Scipio,</span> <span class='ocrx_word' id='word_1_86' title='bbox 1139 2593 1229 2649; x_wconf 89' lang='lat' dir='ltr'>frater</span> 
     </span>
     <span class='ocr_line' id='line_1_16' title="bbox 195 2681 1228 2760; baseline 0.001 -22"><span class='ocrx_word' id='word_1_87' title='bbox 195 2681 273 2758; x_wconf 87' lang='lat' dir='ltr'>ejus,</span> <span class='ocrx_word' id='word_1_88' title='bbox 287 2685 318 2739; x_wconf 92' lang='lat' dir='ltr'>in</span> <span class='ocrx_word' id='word_1_89' title='bbox 331 2683 377 2740; x_wconf 93' lang='lat' dir='ltr'>his</span> <span class='ocrx_word' id='word_1_90' title='bbox 391 2683 462 2740; x_wconf 89' lang='lat' dir='ltr'>locis</span> <span class='ocrx_word' id='word_1_91' title='bbox 478 2683 610 2755; x_wconf 88' lang='lat' dir='ltr'>relictus,</span> <span class='ocrx_word' id='word_1_92' title='bbox 625 2683 728 2760; x_wconf 82' lang='lat' dir='ltr'>Origin</span> <span class='ocrx_word' id='word_1_93' title='bbox 744 2695 899 2760; x_wconf 86' lang='lat' dir='ltr'>expugnat.</span> <span class='ocrx_word' id='word_1_94' title='bbox 911 2716 952 2726; x_wconf 89' lang='lat'>-</span> <span class='ocrx_word' id='word_1_95' title='bbox 961 2685 1018 2754; x_wconf 79' lang='lat' dir='ltr'>1v3</span> <span class='ocrx_word' id='word_1_96' title='bbox 1036 2687 1112 2741; x_wconf 85' lang='lat' dir='ltr'>Tum</span> <span class='ocrx_word' id='word_1_97' title='bbox 1129 2683 1228 2760; x_wconf 92' lang='lat' dir='ltr'>Scipio</span> 
     </span>
     <span class='ocr_line' id='line_1_17' title="bbox 195 2773 1228 2853; baseline 0.004 -25"><span class='ocrx_word' id='word_1_98' title='bbox 195 2791 295 2830; x_wconf 91' lang='lat' dir='ltr'>omnes</span> <span class='ocrx_word' id='word_1_99' title='bbox 305 2793 370 2831; x_wconf 90' lang='lat' dir='ltr'>suas</span> <span class='ocrx_word' id='word_1_100' title='bbox 384 2774 482 2851; x_wconf 89' lang='lat' dir='ltr'>copias</span> <span class='ocrx_word' id='word_1_101' title='bbox 492 2775 523 2831; x_wconf 91' lang='lat' dir='ltr'>in</span> <span class='ocrx_word' id='word_1_102' title='bbox 533 2774 658 2846; x_wconf 87' lang='lat' dir='ltr'>hiberna</span> <span class='ocrx_word' id='word_1_103' title='bbox 668 2773 812 2831; x_wconf 87' lang='lat' dir='ltr'>citerioris</span> <span class='ocrx_word' id='word_1_104' title='bbox 823 2773 971 2852; x_wconf 85' lang='lat' dir='ltr'>Hispauiae</span> <span class='ocrx_word' id='word_1_105' title='bbox 982 2774 1113 2847; x_wconf 90' lang='lat' dir='ltr'>reducit,</span> <span class='ocrx_word' id='word_1_106' title='bbox 1128 2777 1228 2853; x_wconf 87' lang='lat' dir='ltr'>etipse</span> 
     </span>
     <span class='ocr_line' id='line_1_18' title="bbox 196 2864 1228 2941; baseline 0.005 -19"><span class='ocrx_word' id='word_1_107' title='bbox 196 2864 331 2922; x_wconf 89' lang='lat' dir='ltr'>concedit</span> <span class='ocrx_word' id='word_1_108' title='bbox 339 2870 545 2924; x_wconf 90' lang='lat' dir='ltr'>Tarraconem.</span> <span class='ocrx_word' id='word_1_109' title='bbox 561 2865 674 2925; x_wconf 88' lang='lat' dir='ltr'>Eodem</span> <span class='ocrx_word' id='word_1_110' title='bbox 688 2885 765 2923; x_wconf 90' lang='lat' dir='ltr'>auno</span> <span class='ocrx_word' id='word_1_111' title='bbox 780 2867 877 2924; x_wconf 89' lang='lat' dir='ltr'>classis</span> <span class='ocrx_word' id='word_1_112' title='bbox 892 2886 1027 2941; x_wconf 88' lang='lat' dir='ltr'>romana,</span> <span class='ocrx_word' id='word_1_113' title='bbox 1040 2887 1107 2926; x_wconf 92' lang='lat' dir='ltr'>cum</span> <span class='ocrx_word' id='word_1_114' title='bbox 1117 2872 1159 2925; x_wconf 87' lang='lat' dir='ltr'>M.</span> <span class='ocrx_word' id='word_1_115' title='bbox 1170 2873 1228 2927; x_wconf 88' lang='lat' dir='ltr'>Va-</span> 
     </span>
     <span class='ocr_line' id='line_1_19' title="bbox 195 2948 1228 3038; baseline 0.002 -23"><span class='ocrx_word' id='word_1_116' title='bbox 195 2957 269 3015; x_wconf 89' lang='lat' dir='ltr'>lerio</span> <span class='ocrx_word' id='word_1_117' title='bbox 282 2957 403 3015; x_wconf 85' lang='lat' dir='ltr'>Laeviuo</span> <span class='ocrx_word' id='word_1_118' title='bbox 417 2976 499 3038; x_wconf 89' lang='lat' dir='ltr'>proc.</span> <span class='ocrx_word' id='word_1_119' title='bbox 513 2977 549 3015; x_wconf 86' lang='lat' dir='ltr'>ex</span> <span class='ocrx_word' id='word_1_120' title='bbox 564 2957 663 3017; x_wconf 89' lang='lat' dir='ltr'>Sicilia</span> <span class='ocrx_word' id='word_1_121' title='bbox 676 2957 708 3015; x_wconf 92' lang='lat' dir='ltr'>in</span> <span class='ocrx_word' id='word_1_122' title='bbox 719 2958 849 3016; x_wconf 83' lang='lat' dir='ltr'>Africam</span> <span class='ocrx_word' id='word_1_123' title='bbox 863 2959 1044 3032; x_wconf 87' lang='lat' dir='ltr'>transmissa,</span> <span class='ocrx_word' id='word_1_124' title='bbox 1060 2958 1091 3016; x_wconf 92' lang='lat' dir='ltr'>in</span> <span class='ocrx_word' id='word_1_125' title='bbox 1105 2948 1228 3018; x_wconf 85' lang='lat' dir='ltr'>uticensi</span> 
     </span>
     <span class='ocr_line' id='line_1_20' title="bbox 196 3038 1228 3130; baseline 0.001 -22"><span class='ocrx_word' id='word_1_126' title='bbox 196 3049 478 3130; x_wconf 79' lang='lat' dir='ltr'>carthaginiensique</span> <span class='ocrx_word' id='word_1_127' title='bbox 494 3069 564 3128; x_wconf 79' lang='lat' dir='ltr'>agro</span> <span class='ocrx_word' id='word_1_128' title='bbox 578 3050 636 3107; x_wconf 89' lang='lat' dir='ltr'>late</span> <span class='ocrx_word' id='word_1_129' title='bbox 651 3051 856 3130; x_wconf 88' lang='lat' dir='ltr'>populationes</span> <span class='ocrx_word' id='word_1_130' title='bbox 867 3051 954 3124; x_wconf 77' lang='lat' dir='ltr'>lacit,</span> <span class='ocrx_word' id='word_1_131' title='bbox 968 3064 998 3109; x_wconf 90' lang='lat' dir='ltr'>et</span> <span class='ocrx_word' id='word_1_132' title='bbox 1009 3065 1144 3129; x_wconf 91' lang='lat' dir='ltr'>repetens</span> <span class='ocrx_word' id='word_1_133' title='bbox 1157 3038 1228 3111; x_wconf 83' lang='lat' dir='ltr'>s&#39;ici-</span> 
     </span>
     <span class='ocr_line' id='line_1_21' title="bbox 194 3143 1294 3224; baseline 0.004 -23"><span class='ocrx_word' id='word_1_134' title='bbox 194 3144 262 3202; x_wconf 93' lang='lat' dir='ltr'>liam</span> <span class='ocrx_word' id='word_1_135' title='bbox 284 3144 366 3222; x_wconf 81' lang='lat' dir='ltr'>fugat</span> <span class='ocrx_word' id='word_1_136' title='bbox 385 3143 522 3222; x_wconf 91' lang='lat' dir='ltr'>punicam</span> <span class='ocrx_word' id='word_1_137' title='bbox 545 3143 725 3220; x_wconf 78' lang='lat' dir='ltr'>classem—</span> <span class='ocrx_word' id='word_1_138' title='bbox 737 3149 774 3218; x_wconf 82' lang='lat' dir='ltr'>V3</span> <span class='ocrx_word' id='word_1_139' title='bbox 788 3145 898 3204; x_wconf 88' lang='lat' dir='ltr'>Eadem</span> <span class='ocrx_word' id='word_1_140' title='bbox 913 3159 1011 3204; x_wconf 83' lang='lat' dir='ltr'>aestate</span> <span class='ocrx_word' id='word_1_141' title='bbox 1030 3151 1062 3204; x_wconf 91' lang='lat' dir='ltr'>P.</span> <span class='ocrx_word' id='word_1_142' title='bbox 1081 3145 1227 3224; x_wconf 85' lang='lat' dir='ltr'>Sulpicius</span> <span class='ocrx_word' id='word_1_143' title='bbox 1290 3173 1294 3179; x_wconf 90' lang='lat'><em>·</em></span> 
     </span>
     <span class='ocr_line' id='line_1_22' title="bbox 194 3238 1228 3317; baseline 0.003 -22"><span class='ocrx_word' id='word_1_144' title='bbox 194 3258 276 3317; x_wconf 90' lang='lat' dir='ltr'>proc.</span> <span class='ocrx_word' id='word_1_145' title='bbox 294 3251 323 3296; x_wconf 86' lang='lat' dir='ltr'>et</span> <span class='ocrx_word' id='word_1_146' title='bbox 334 3238 449 3296; x_wconf 83' lang='lat' dir='ltr'>Attalus</span> <span class='ocrx_word' id='word_1_147' title='bbox 470 3257 539 3310; x_wconf 89' lang='lat' dir='ltr'>rex,</span> <span class='ocrx_word' id='word_1_148' title='bbox 554 3238 719 3296; x_wconf 88' lang='lat' dir='ltr'>AEtolorum</span> <span class='ocrx_word' id='word_1_149' title='bbox 735 3238 820 3312; x_wconf 86' lang='lat' dir='ltr'>socii,</span> <span class='ocrx_word' id='word_1_150' title='bbox 839 3259 897 3298; x_wconf 93' lang='lat' dir='ltr'>una</span> <span class='ocrx_word' id='word_1_151' title='bbox 913 3259 979 3297; x_wconf 85' lang='lat' dir='ltr'>cum</span> <span class='ocrx_word' id='word_1_152' title='bbox 995 3239 1042 3297; x_wconf 94' lang='lat' dir='ltr'>his</span> <span class='ocrx_word' id='word_1_153' title='bbox 1058 3240 1228 3298; x_wconf 87' lang='lat' dir='ltr'>continuant</span> 
     </span>
     <span class='ocr_line' id='line_1_23' title="bbox 193 3330 1229 3408; baseline 0 -20"><span class='ocrx_word' id='word_1_154' title='bbox 193 3330 303 3390; x_wconf 87' lang='lat' dir='ltr'>bellum</span> <span class='ocrx_word' id='word_1_155' title='bbox 318 3330 458 3389; x_wconf 88' lang='lat' dir='ltr'>adversus</span> <span class='ocrx_word' id='word_1_156' title='bbox 471 3331 653 3408; x_wconf 90' lang='lat' dir='ltr'>Philippum,</span> <span class='ocrx_word' id='word_1_157' title='bbox 665 3330 800 3404; x_wconf 82' lang='lat' dir='ltr'>Achaeos,</span> <span class='ocrx_word' id='word_1_158' title='bbox 808 3337 991 3404; x_wconf 83' lang='lat' dir='ltr'>Acarnanas,</span> <span class='ocrx_word' id='word_1_159' title='bbox 1003 3337 1119 3390; x_wconf 86' lang='lat' dir='ltr'>Boeotos</span> <span class='ocrx_word' id='word_1_160' title='bbox 1132 3343 1161 3389; x_wconf 86' lang='lat' dir='ltr'>et</span> <span class='ocrx_word' id='word_1_161' title='bbox 1171 3335 1229 3390; x_wconf 92' lang='lat' dir='ltr'>Eu-</span> 
     </span>
     <span class='ocr_line' id='line_1_24' title="bbox 194 3423 1226 3504; baseline 0.003 -23"><span class='ocrx_word' id='word_1_162' title='bbox 194 3423 284 3482; x_wconf 91' lang='lat' dir='ltr'>boeos.</span> <span class='ocrx_word' id='word_1_163' title='bbox 293 3424 397 3496; x_wconf 84' lang='lat' dir='ltr'>-vl;&#39;</span> <span class='ocrx_word' id='word_1_164' title='bbox 407 3429 442 3482; x_wconf 91' lang='lat' dir='ltr'>ln</span> <span class='ocrx_word' id='word_1_165' title='bbox 452 3424 564 3483; x_wconf 89' lang='lat' dir='ltr'>Euhoea</span> <span class='ocrx_word' id='word_1_166' title='bbox 573 3424 692 3502; x_wconf 89' lang='lat' dir='ltr'>capiunt</span> <span class='ocrx_word' id='word_1_167' title='bbox 701 3429 819 3496; x_wconf 88' lang='lat' dir='ltr'>Oreum,</span> <span class='ocrx_word' id='word_1_168' title='bbox 829 3439 858 3484; x_wconf 89' lang='lat' dir='ltr'>et</span> <span class='ocrx_word' id='word_1_169' title='bbox 867 3425 1034 3485; x_wconf 88' lang='lat' dir='ltr'>Chalcidem</span> <span class='ocrx_word' id='word_1_170' title='bbox 1046 3438 1226 3504; x_wconf 86' lang='lat' dir='ltr'>oppugnant.</span> 
     </span>
     <span class='ocr_line' id='line_1_25' title="bbox 193 3510 1228 3600; baseline 0.005 -26"><span class='ocrx_word' id='word_1_171' title='bbox 193 3550 234 3560; x_wconf 89' lang='lat'>—</span> <span class='ocrx_word' id='word_1_172' title='bbox 242 3521 315 3588; x_wconf 89' lang='lat' dir='ltr'>VII;</span> <span class='ocrx_word' id='word_1_173' title='bbox 329 3519 444 3576; x_wconf 87' lang='lat' dir='ltr'>Attalus</span> <span class='ocrx_word' id='word_1_174' title='bbox 456 3522 605 3596; x_wconf 90' lang='lat' dir='ltr'>Opuntem</span> <span class='ocrx_word' id='word_1_175' title='bbox 617 3517 731 3596; x_wconf 77' lang='lat' dir='ltr'>dinpit3</span> <span class='ocrx_word' id='word_1_176' title='bbox 743 3518 794 3576; x_wconf 91' lang='lat' dir='ltr'>sed</span> <span class='ocrx_word' id='word_1_177' title='bbox 809 3520 922 3596; x_wconf 84' lang='lat' dir='ltr'>agmine</span> <span class='ocrx_word' id='word_1_178' title='bbox 934 3520 1061 3578; x_wconf 93' lang='lat' dir='ltr'>hostium</span> <span class='ocrx_word' id='word_1_179' title='bbox 1072 3510 1228 3600; x_wconf 83' lang='lat' dir='ltr'>oppressus</span> 
     </span>
     <span class='ocr_line' id='line_1_26' title="bbox 194 3606 1226 3690; baseline 0.009 -27"><span class='ocrx_word' id='word_1_180' title='bbox 194 3606 225 3662; x_wconf 91' lang='lat' dir='ltr'>in</span> <span class='ocrx_word' id='word_1_181' title='bbox 235 3627 323 3666; x_wconf 88' lang='lat' dir='ltr'>naves</span> <span class='ocrx_word' id='word_1_182' title='bbox 333 3610 520 3690; x_wconf 89' lang='lat' dir='ltr'>compellitur</span> <span class='ocrx_word' id='word_1_183' title='bbox 532 3631 712 3690; x_wconf 83' lang='lat' dir='ltr'>regnumque</span> <span class='ocrx_word' id='word_1_184' title='bbox 729 3631 813 3670; x_wconf 92' lang='lat' dir='ltr'>suum</span> <span class='ocrx_word' id='word_1_185' title='bbox 825 3613 945 3690; x_wconf 89' lang='lat' dir='ltr'>repetit,</span> <span class='ocrx_word' id='word_1_186' title='bbox 958 3634 976 3671; x_wconf 88' lang='lat' dir='ltr'>a</span> <span class='ocrx_word' id='word_1_187' title='bbox 989 3614 1091 3672; x_wconf 92' lang='lat' dir='ltr'>Prusia</span> <span class='ocrx_word' id='word_1_188' title='bbox 1105 3615 1226 3672; x_wconf 86' lang='lat' dir='ltr'>infesta-</span> 
     </span>
     <span class='ocr_line' id='line_1_27' title="bbox 195 3694 1228 3785; baseline 0.01 -29"><span class='ocrx_word' id='word_1_189' title='bbox 195 3712 264 3757; x_wconf 89' lang='lat' dir='ltr'>tum.</span> <span class='ocrx_word' id='word_1_190' title='bbox 275 3694 419 3780; x_wconf 86' lang='lat' dir='ltr'>Sulpicius</span> <span class='ocrx_word' id='word_1_191' title='bbox 430 3705 562 3783; x_wconf 88' lang='lat' dir='ltr'>AEginam</span> <span class='ocrx_word' id='word_1_192' title='bbox 572 3705 677 3784; x_wconf 89' lang='lat' dir='ltr'>recipit</span> <span class='ocrx_word' id='word_1_193' title='bbox 687 3707 823 3764; x_wconf 85' lang='lat' dir='ltr'>classem:</span> <span class='ocrx_word' id='word_1_194' title='bbox 836 3719 866 3764; x_wconf 91' lang='lat' dir='ltr'>et</span> <span class='ocrx_word' id='word_1_195' title='bbox 872 3707 1041 3785; x_wconf 89' lang='lat' dir='ltr'>Philippus,</span> <span class='ocrx_word' id='word_1_196' title='bbox 1053 3707 1144 3785; x_wconf 68' lang='lat' dir='ltr'>captis</span> <span class='ocrx_word' id='word_1_197' title='bbox 1152 3727 1228 3766; x_wconf 77' lang='lat' dir='ltr'>com-</span> 
     </span>
     <span class='ocr_line' id='line_1_28' title="bbox 168 3791 1226 3878; baseline 0.012 -33"><span class='ocrx_word' id='word_1_198' title='bbox 168 3838 171 3845; x_wconf 94' lang='grc'><em>,</em></span> <span class='ocrx_word' id='word_1_199' title='bbox 194 3791 328 3870; x_wconf 92' lang='lat' dir='ltr'>pluribus</span> <span class='ocrx_word' id='word_1_200' title='bbox 346 3797 465 3855; x_wconf 84' lang='lat' dir='ltr'>Graeciae</span> <span class='ocrx_word' id='word_1_201' title='bbox 484 3798 615 3878; x_wconf 88' lang='lat' dir='ltr'>oppidis,</span> <span class='ocrx_word' id='word_1_202' title='bbox 638 3800 752 3878; x_wconf 77' lang='lat' dir='ltr'>AEgium</span> <span class='ocrx_word' id='word_1_203' title='bbox 767 3820 797 3858; x_wconf 92' lang='lat' dir='ltr'>se</span> <span class='ocrx_word' id='word_1_204' title='bbox 819 3799 855 3858; x_wconf 91' lang='lat' dir='ltr'>ad</span> <span class='ocrx_word' id='word_1_205' title='bbox 877 3800 1032 3857; x_wconf 90' lang='lat' dir='ltr'>concilium</span> <span class='ocrx_word' id='word_1_206' title='bbox 1051 3800 1226 3858; x_wconf 87' lang='lat' dir='ltr'>Achaeorum</span> 
     </span>
     <span class='ocr_line' id='line_1_29' title="bbox 176 3885 1226 3969; baseline 0.002 -21"><span class='ocrx_word' id='word_1_207' title='bbox 176 3886 178 3890; x_wconf 48' lang='lat'>&#39;</span> <span class='ocrx_word' id='word_1_208' title='bbox 195 3885 307 3963; x_wconf 84' lang='lat' dir='ltr'>recipit·</span> <span class='ocrx_word' id='word_1_209' title='bbox 317 3891 448 3960; x_wconf 88' lang='lat' dir='ltr'>-VIII;</span> <span class='ocrx_word' id='word_1_210' title='bbox 459 3890 532 3949; x_wconf 92' lang='lat' dir='ltr'>Inde</span> <span class='ocrx_word' id='word_1_211' title='bbox 544 3893 728 3969; x_wconf 73' lang='lat' dir='ltr'>Anticyram,</span> <span class='ocrx_word' id='word_1_212' title='bbox 739 3893 895 3969; x_wconf 85' lang='lat' dir='ltr'>Erythras,</span> <span class='ocrx_word' id='word_1_213' title='bbox 913 3893 1099 3965; x_wconf 88' lang='lat' dir='ltr'>Corinthum,</span> <span class='ocrx_word' id='word_1_214' title='bbox 1114 3892 1226 3952; x_wconf 89' lang='lat' dir='ltr'>Chalci-</span> 
     </span>
     <span class='ocr_line' id='line_1_30' title="bbox 120 3976 1225 4063; baseline 0.009 -29"><span class='ocrx_word' id='word_1_215' title='bbox 120 4059 121 4062; x_wconf 7' lang='lat'><em>*</em></span> <span class='ocrx_word' id='word_1_216' title='bbox 194 3976 276 4050; x_wconf 91' lang='lat' dir='ltr'>dem,</span> <span class='ocrx_word' id='word_1_217' title='bbox 290 3981 414 4053; x_wconf 89' lang='lat' dir='ltr'>Oreum,</span> <span class='ocrx_word' id='word_1_218' title='bbox 430 3984 645 4043; x_wconf 86' lang='lat' dir='ltr'>Demetriadem</span> <span class='ocrx_word' id='word_1_219' title='bbox 657 3986 776 4063; x_wconf 89' lang='lat' dir='ltr'>trajicit,</span> <span class='ocrx_word' id='word_1_220' title='bbox 792 3987 910 4063; x_wconf 88' lang='lat' dir='ltr'>latoque</span> <span class='ocrx_word' id='word_1_221' title='bbox 925 3986 1009 4044; x_wconf 90' lang='lat' dir='ltr'>sociis</span> <span class='ocrx_word' id='word_1_222' title='bbox 1025 3986 1225 4045; x_wconf 83' lang='lat' dir='ltr'>laborantibus</span> 
     </span>
     <span class='ocr_line' id='line_1_31' title="bbox 193 4067 1226 4155; baseline 0.01 -26"><span class='ocrx_word' id='word_1_223' title='bbox 193 4067 304 4130; x_wconf 76' lang='lat' dir='ltr'>auxilio</span> <span class='ocrx_word' id='word_1_224' title='bbox 322 4074 455 4132; x_wconf 87' lang='lat' dir='ltr'>concedit</span> <span class='ocrx_word' id='word_1_225' title='bbox 474 4091 554 4134; x_wconf 88' lang='lat' dir='ltr'>retro</span> <span class='ocrx_word' id='word_1_226' title='bbox 571 4079 602 4135; x_wconf 91' lang='lat' dir='ltr'>in</span> <span class='ocrx_word' id='word_1_227' title='bbox 622 4099 758 4155; x_wconf 81' lang='lat' dir='ltr'>reguum,</span> <span class='ocrx_word' id='word_1_228' title='bbox 776 4093 808 4137; x_wconf 92' lang='lat' dir='ltr'>ut</span> <span class='ocrx_word' id='word_1_229' title='bbox 827 4080 975 4138; x_wconf 88' lang='lat' dir='ltr'>Dardanis</span> <span class='ocrx_word' id='word_1_230' title='bbox 988 4077 1226 4141; x_wconf 86' lang='lat' dir='ltr'>belluminlerat.</span> 
     </span>
    </p>
   </div>
   <div class='ocr_carea' id='block_1_9' title="bbox 0 0 1388 4574">
    <p class='ocr_par' dir='ltr' id='par_1_9' title="bbox 0 0 1388 4574">
     <span class='ocr_line' id='line_1_32' title="bbox 0 0 1388 4574; baseline 0 0"><span class='ocrx_word' id='word_1_231' title='bbox 0 0 1388 4574; x_wconf 95' lang='lat' dir='ltr'> </span> 
     </span>
    </p>
   </div>
  </div>
 </body>
</html>
