2768 4574
201 321 268 392 322'
629 323 679 388 r..
702 322 842 388 mvn
1125 300 1187 402 tt:
1201 314 1252 412 ἒΣΙῖ

198 446 247 510 M.
264 441 374 528 Livii,
395 441 505 513 altera
524 445 563 510 L.
579 442 714 528 Porcii;
736 421 874 511 neutris
892 440 1115 537 quidquam,
1130 467 1208 540 quo
1225 445 1280 516 la-

199 552 270 623 tiu's
288 549 518 639 tenderetur,
541 551 586 622 ad
603 553 831 622 munimenta
847 550 1040 647 adjectum.
1062 553 1158 624 lllud
1179 570 1283 644 vete·

199 676 277 730 rem
296 659 427 732 ducem
445 676 704 759 assuetumque
716 673 878 733 'romano
898 662 996 732 hosti
1017 663 1147 760 movit,
1169 666 1288 762 quod.

199 772 310 842 semel
322 774 360 843 in
376 773 552 870 praetoriis
565 774 689 843 castris
702 773 846 869 signum
856 769 882 861 5,
896 772 1006 844 bisin
1019 775 1280 856 consularibus

198 880 406 954 referebant
425 885 609 956 cecinisse.
626 888 727 953 Duos
742 881 908 980 profecto
923 883 1091 955 consules
1110 909 1207 974 esse;
1223 903 1279 977 et,
1313 905 1319 913 '
1374 928 1378 940 ·

197 1016 358 1089 quonam
377 993 489 1065 modo
506 995 597 1064 alter
619 992 665 1062 ab
687 992 892 1064 Hannibale
916 993 1162 1084 abscessisset,
1184 999 1279 1070 cura

197 1104 363 1202 angebat.
388 1104 540 1173 Minime
564 1103 621 1189 id,
649 1101 756 1198 ¹quod
782 1118 879 1191 erat,
909 1105 1083 1202 suspicari
1100 1089 1279 1204 poterat,

197 1230 304 1286 tantae
325 1217 378 1284 rei
406 1212 641 1284 frustratione
659 1212 901 1284 Hannibalem
928 1216 1091 1304 elusum,
1119 1232 1179 1305 ut,
1205 1219 1278 1290 ubi

196 1324 376 1413 duxfubi
393 1317 574 1394 exercitus
595 1330 707 1409 esset,
727 1347 810 1392 cum
832 1348 908 1419 quo
927 1338 1042 1401 castra
1057 1324 1187 1396 collata
1205 1326 1277 1399 lia·

196 1437 319 1525 beret,
335 1439 537 1534 ignoraret:
549 1433 823 1532 profectohaud
838 1434 1013 1505 mediocri
1025 1434 1126 1507 clade
1138 1435 1279 1510 abster-

196 1551 306 1619 ritum
327 1547 470 1642 insequi
489 1570 565 1616 non
579 1569 718 1615 ausum.
739 1550 963 1643 Magnopere
978 1545 1113 1635 vereri,
1130 1571 1178 1615 ne
1193 1571 1278 1642 per

197 1657 280 1731 ditis
295 1658 406 1729 rebus
422 1682 544 1728 serum
557 1659 634 1754 ipse
648 1656 821 1726 auxilium
834 1656 1011 1745 venisset,
1024 1657 1277 1754 Romanisque

197 1769 324 1841 eadem
337 1769 411 1863 jam
430 1766 579 1838 fortuna
594 1768 631 1835 in
652 1766 769 1854 Italia,
789 1790 870 1863 quae
891 1767 930 1834 in
952 1766 1145 1863 Hispania,
1161 1783 1274 1838 esset.

198 1880 408 1965 Interdum,
422 1878 551 1948 ‘literas
574 1901 657 1947 suas
679 1877 828 1948 adeum
847 1901 923 1946 non
945 1877 1171 1973 pervenisse,
1189 1900 1276 1949 cre·

197 1991 303 2076 dere,
323 1990 607 2085 interceptisque
625 1989 684 2073 iis,
703 1987 892 2058 consulem
908 1986 954 2058 ad
971 2011 1049 2058 sese
1064 1988 1278 2085 opprimen-

196 2099 285 2170 dum
301 2097 528 2169 accelerasse.
543 2099 606 2168 His
622 2099 749 2168 anxius
762 2099 879 2185 curis,
901 2099 1088 2168 exstinctis
1103 2097 1275 2195 ignibus,

195 2210 315 2306 vigilia
332 2209 448 2306 prima
470 2207 555 2279 dato
578 2209 701 2305 signo,
725 2224 767 2279 ut
785 2211 883 2279 taciti
903 2205 1012 2279 vasa⁶
1031 2209 1275 2304 colligerent,
1312 2211 1314 2214 ’

196 2321 296 2416 signu
310 2317 395 2388 ferri
405 2318 521 2412 jussit.
536 2324 580 2388 ln
594 2318 842 2416 trepidatione
859 2331 897 2390 e't
908 2334 1092 2400 nocturno
1106 2323 1277 2394 tumultu

199 2431 310 2501 duces
325 2454 455 2527 parum
471 2431 612 2501 intente
631 2431 818 2518 asservati,
833 2430 922 2500 alter
940 2431 978 2499 in
995 2430 1182 2501 destinatis
1194 2430 1276 2525 jain

198 2557 282 2612 ante
294 2543 416 2610 animo
426 2539 574 2634 latebris
585 2541 759 2629 subsedit,
771 2543 860 2612 alter
870 2541 1033 2639 pervada
1043 2547 1278 2614 notaMetau-

198 2677 279 2723 rum
299 2651 437 2722 flumen
459 2653 622 2722 tranavit.
647 2656 700 2722 Ita
721 2653 905 2725 desertum
923 2677 944 2722 a
962 2652 1117 2724 ducibus
1138 2646 1277 2752 agmen

200 2765 319 2861 primo
341 2787 408 2860 per
424 2787 528 2859 agros
546 2762 710 2859 palatur3
733 2760 890 2858 fessique
912 2762 1052 2859 aliquot
1075 2746 1213 2837 somno
1230 2791 1277 2838 ac

198 2875 328 2971 vigiliis
349 2886 517 2944 sternunt
536 2894 690 2969 corpora
712 2875 865 2969 passim,
889 2889 999 2970 atque
1022 2871 1277 2970 infrequentia

198 3125 307 3180 tionem,
327 3121 449 3176 fecerunt,
468 3129 498 3166 ut
516 3117 652 3175 dubitaret,
672 3118 709 3164 in·
754 3117 874 3165 babuerit.
883 3120 915 3166 Et
926 3117 976 3165 hoc
988 3129 1072 3166 tuetur
1084 3119 1224 3168 Creverius.
1234 3121 1277 3169 Eo

200 3214 280 3250 certus
291 3210 363 3246 esset.
374 3197 446 3245 Conf.
458 3197 552 3255 aunt,
564 3197 604 3255 15,
616 3213 641 3244 n.
651 3212 675 3256 7.
753 3197 819 3244 enim
833 3208 958 3261 tempore,
971 3214 1047 3261 quum
1059 3197 1201 3246 Hasdrubal
1217 3200 1278 3250 haec

237 3281 262 3328 5.
270 3277 350 3324 Semel
362 3276 386 3323 in
395 3293 436 3340 pr.
446 3275 532 3323 castris
542 3275 648 3340 signum,
663 3285 709 3322 etc.
754 3292 837 3323 seeum
856 3277 969 3335 volutat,
993 3293 1044 3324 non
1063 3278 1168 3325 habebat
1192 3291 1278 3330 castra

198 3359 250 3407 vid.
260 3354 314 3404 riot.
328 3357 351 3404 3.
361 3383 397 3392 —
405 3357 472 3402 Duos
478 3353 589 3419 proficeo
602 3354 710 3401 consules
755 3356 878 3407 Hannibal
884 3357 972 3405 collata
979 3373 1035 3404 cum
1041 3358 1153 3417 Nerone3
1162 3369 1208 3406 aut
1214 3375 1279 3409 cum

199 3454 262 3495 esse,
277 3429 517 3493 seiliessreferebant3
538 3445 580 3481 aut
592 3433 710 3497 putabat,
755 3450 786 3482 eo
808 3435 918 3484 exercitu
942 3452 1014 3499 quem
1034 3437 1102 3486 Nero
1120 3453 1205 3486 secum
1228 3440 1277 3488 ah-

200 3515 382 3582 suspieabatur‚
395 3512 442 3561 sibi
454 3512 621 3576 persuadebat.
635 3513 706 3559 Ee...
756 3512 866 3562 duxerat.
880 3515 926 3563 En.
1272 3520 1275 3527 “

200 3614 261 3645 cura
275 3595 395 3660 erigebam
407 3594 471 3640 forte
482 3604 511 3639 at
524 3591 563 3641 vel
576 3607 606 3638 ea
619 3607 666 3655 pro
680 3602 711 3639 et.
791 3596 816 3642 6.
833 3597 865 3641 Ut
877 3593 948 3641 taciti
961 3610 1027 3660 vara
1042 3595 1199 3661 colligerem
1212 3597 1277 3647 vide

200 3681 265 3726 Mox
278 3686 354 3722 tantae
367 3672 403 3720 rei
409 3669 588 3737 frustratione,
604 3671 712 3717 occulta·
756 3671 823 3731 adl,
838 3674 884 3731 24,
899 3689 924 3720 n.
936 3689 960 3732 7.
981 3700 1017 3709 -
1035 3673 1110 3738 Signa
1115 3673 1199 3739 fem}
1211 3676 1277 3726 vide

200 3758 283 3814 tione,
293 3737 456 3817 ignoratione,
469 3752 503 3798 ita
515 3750 622 3814 perfecta
635 3766 674 3807 re,
683 3761 712 3797 ut
756 3751 788 3798 ad
796 3754 847 3810 111,
859 3752 905 3811 54,
913 3769 939 3799 n.
948 3752 972 3801 5.
981 3755 1099 3800 -Duces
1108 3753 1163 3800 bini
1173 3753 1278 3804 itineris

198 3835 294 3883 hostem
306 3833 413 3890 falleret;
421 3831 507 3879 Bauer.
520 3857 554 3865 -
567 3829 654 3876 Castra
664 3829 712 3876 col·
751 3847 844 3892 parum
857 3831 959 3889 intente,
975 3831 1117 3895 diligenter,
1133 3828 1275 3893 asservari,

201 3915 254 3962 lata
272 3912 379 3959 haberet.
399 3913 459 3957 Haec
476 3921 512 3957 est
527 3907 640 3956 Rhenani
657 3912 711 3955 cor·
755 3911 891 3970 observati,
901 3911 1024 3974 aufugere.
1038 3910 1076 3960 Cf.
1082 3913 1170 3974 Veget.
1182 3914 1237 3971 111,
1248 3915 1277 3962 6.

200 3993 294 4049 rectio,
310 4006 384 4054 quum
398 3989 469 4036 multi
484 3989 632 4053 optimaeque
644 3999 710 4034 notae
755 4017 789 4025 —
808 3992 947 4037 Metaurum
951 3989 1048 4056 flamen
1062 3989 1173 4038 Umbriae
1192 3990 1275 4071 fland.

199 4072 314 4127 codices,
335 4072 394 4132 Fun
406 4068 500 4115 Victor.
520 4067 610 4129 aliique
632 4067 710 4113 ferant
755 4070 843 4125 Metro,
851 4068 1192 4136 muneramfflardruhrlts
1200 4071 1278 4121 elude¹
