2768 4574
164 354 232 425 ²9⁰
581 330 619 397 Τ.
654 331 746 397 LIV
758 330 798 396 ΙΙ
1142 401 1147 410 ,

161 451 349 521 duciarum
376 448 488 535 facta,
520 463 704 544 postremo
735 460 916 543 negarunt
944 447 1065 520 dirimi
1091 450 1241 525 bellum

161 585 285 658 posse,
307 561 374 630 nisi
395 559 581 629 Messeniis
598 558 716 629 Achaei
735 558 863 654 Pylum
884 558 1138 652 redderent¹⁰,
1161 568 1240 637 Ro·

159 672 275 741 manis
290 670 543 741 restitueretur
561 669 758 755 Atintania,
777 668 994 740 Scerdilaedo
1009 684 1045 742 et
1059 671 1241 747 Pleurato

158 781 299 851 Ariliaei.
325 780 521 851 Enimvero
542 778 733 874 indignum
758 794 857 850 ratus
884 780 1094 879 Philippus,
1118 785 1241 857 victos

161 893 287 963 victori
301 889 369 962 sibi
388 888 486 960 ultro
500 887 732 963 conditiones
748 888 842 960 ferre
863 917 870 959 :
891 916 937 960 ne
954 909 1064 962 antea
1081 896 1241 991 quidem

157 1027 196 1072 se
208 1018 276 1072 ant
288 1001 335 1070 de
343 1024 443 1098 pace
459 998 622 1083 audisse,
641 1014 708 1067 ant
723 998 889 1069 inductas
897 1005 1102 1096 pepigisse,
1123 1002 1241 1095 dixit,

157 1138 257 1210 spem
271 1110 383 1182 allam
397 1108 591 1181 habentem
605 1113 789 1205 quieturos
798 1109 961 1197 AEtolos,·
973 1111 1043 1181 sed
1052 1128 1096 1181 ut
1105 1137 1242 1189 omnes

155 1230 270 1295 socios
285 1236 386 1292 testes
397 1220 565 1306 haberet,
581 1243 620 1289 se
628 1225 758 1315 pacis,
774 1219 854 1291 illos
870 1219 955 1291 belli
966 1246 1120 1293 causam
1135 1250 1242 1323 qute-

155 1341 252 1406 sisse.
272 1337 325 1402 lta
344 1327 476 1401 infecta
493 1352 581 1425 pace
595 1327 788 1400 concilium
806 1328 960 1416 dimisit,
979 1343 1143 1427 quatuor
1161 1334 1243 1407 mil·

157 1444 253 1516 libus
274 1456 494 1513 armatorum
511 1437 644 1509 relictis
663 1437 709 1508 ad
726 1437 929 1536 praesidium
947 1439 1191 1533 Achaeorum,
1204 1460 1243 1519 et

158 1557 322 1653 quinque
347 1551 466 1648 longis
494 1547 647 1619 navibus
671 1550 857 1646 acceptis:
882 1573 972 1645 quas
990 1551 1020 1621 si
1040 1550 1243 1645 adjecisset

158 1669 273 1737 missae
286 1687 406 1760 nuper
419 1661 462 1732 ad
478 1685 515 1731 se
530 1659 632 1730 classi
646 1658 998 1756 Carthaginiensium
1009 1675 1046 1731 et
1055 1686 1103 1731 ex
1112 1664 1242 1763 Bithy·

156 1779 216 1849 nia
235 1774 280 1845 ah
300 1798 383 1869 rege
402 1773 525 1843 Prusia
544 1769 774 1841 venientibus
785 1766 964 1859 ‘navibns3
979 1786 1160 1847 statuerat
1180 1803 1242 1850 na·

52 1962 56 1967 ,
159 1887 230 1956 vali
242 1884 367 1982 proelio
384 1883 558 1953 lacessere
574 1887 777 1968 Romanos,
788 1882 861 1976 jam
882 1881 945 1953 diu
963 1884 1059 1954 inea
1078 1888 1241 1984 regione

157 2009 326 2093 potentes
344 1994 463 2063 maris.
483 1997 565 2089 Ipse
584 1991 629 2061 ab
650 2018 694 2062 eo
714 1993 868 2063 concilio
889 1996 1003 2090 Argos
1027 2019 1243 2092 regressus,

154 2112 228 2204 jam
252 2108 349 2176 euim
373 2108 592 2176 Nemeorum
619 2101 815 2199 appetebat
838 2106 1004 2201 temp'us,
1026 2129 1110 2200 quae
1138 2108 1238 2182 cele-

159 2217 255 2288 brari
273 2213 419 2285 volebat
436 2213 627 2310 praesentia
649 2236 725 2282 sua.

207 2330 333 2397 XXXI.
346 2330 534 2421 Occupato
547 2347 630 2419 rege
646 2336 822 2420 apparatu
834 2322 1017 2412 ludorum,
1028 2340 1064 2396 et
1079 2352 1149 2423 per
1158 2328 1238 2402 dies

159 2436 268 2506 festos
285 2434 468 2521 licentius,
484 2457 595 2530 quam
609 2435 705 2503 inter
718 2432 806 2504 belli
821 2449 1003 2530 tempora,
1020 2438 1238 2513 remittente

158 2547 320 2616 animum
330 2599 340 2634 ,
351 2549 388 2614 P.
397 2543 594 2641 Sulpicius,
610 2542 655 2612 ab
665 2546 852 2640 Naupacto
863 2543 1065 2643 profectus,
1080 2548 1237 2623 classem

158 2657 298 2754 appulit
312 2657 407 2725 iuter
423 2656 615 2750 Sicyonem
632 2668 668 2723 et
686 2653 921 2741 Corinthum,
943 2680 1148 2753 agrumque
1168 2684 1236 2731 uo·

157 2767 337 2839 bilissimae
352 2765 543 2837 fertilitatis
561 2762 674 2835 effuse
688 2765 850 2834 vastavit.
869 2768 975 2835 Fama
988 2765 1067 2860 ejus
1082 2769 1139 2838 rei
1151 2768 1235 2841 Phi·

204 3010 243 3042 10.
264 2991 320 3040 Nisi
338 2989 462 3037 Messeniis
483 2989 569 3036 Achai
585 2990 671 3051 Pylum
715 2982 843 3060 ilpltatiot,
857 3010 910 3042 non
923 2982 1054 3055 Ᾰρδυαῖοι,
1070 2996 1099 3043 in
1113 3000 1238 3050 omnibus

158 3073 298 3126 redderent,
309 3084 368 3132 opp.
378 3068 524 3114 maritimum
535 3070 669 3116 Messeniae.
715 3070 764 3118 fere
781 3070 854 3119 codd.
867 3071 941 3135 apud
959 3071 1047 3134 Polyb.
1061 3073 1105 3128 11,
1123 3089 1173 3134 ιι,
1192 3090 1237 3136 m

161 3152 234 3200 Conf.
252 3147 343 3213 Polyb.
362 3146 407 3203 IV,
426 3146 469 3203 16,
492 3147 541 3208 a5;
558 3149 607 3206 IX,
627 3149 671 3205 383
716 3150 822 3213 Appiau.
836 3149 897 3196 Bell.
910 3150 978 3214 lllyr.
993 3152 1044 3207 111,
1060 3165 1094 3198 to
1110 3150 1165 3216 (ad
1180 3170 1238 3219 qun

134 3230 137 3235 “
162 3226 453 3294 inpr.xvr11‚25.-
473 3227 588 3272 Romanis
604 3226 672 3273 resti-
715 3229 769 3275 loca
784 3230 815 3276 ef.
830 3229 1031 3293 Schweigh.),et
1042 3230 1238 3295 snab.v11‚t,

162 3306 412 3361 tuereturAtintania,
421 3304 567 3352 Scerdilaedo
575 3316 599 3351 et
606 3306 672 3352 Plea-
717 3308 746 3364 6,
759 3323 784 3366 7,
796 3325 821 3371 p.
836 3308 895 3361 315,
905 3308 948 3354 ubi
958 3324 1001 3354 eos
1012 3309 1134 3357 Vardaeos
1149 3324 1237 3377 poete·

163 3400 218 3435 rato
229 3385 339 3442 Arctat-
351 3383 637 3441 videadxx11,33‚n.
648 3386 672 3443 3,
717 3390 750 3436 ris
762 3389 841 3436 dictos
852 3381 985 3455 (otapte'a
995 3390 1061 3439 rtol.
1072 3393 1119 3453 11,
1128 3409 1180 3456 ¹73
1193 3394 1238 3445 ml

162 3466 283 3530 arolyb.
291 3467 328 3521 ll,
340 3463 517 3511 11.Atintania
527 3480 582 3527 pars
591 3464 672 3527 Epiri,
716 3460 852 3535 Οὒαρὲαἶοι
868 3478 893 3513 et
912 3465 1013 3517 Vardaei
1029 3468 1100 3527 eliis,
1115 3480 1147 3519 ut
1167 3482 1195 3521 et
1210 3472 1238 3521 ta

161 3547 199 3596 vel
221 3546 304 3610 potius
329 3544 438 3608 Illyridis
461 3543 624 3590 macedonicae
644 3544 671 3589 in
716 3546 781 3609 Epit.
793 3546 844 3592 Lir.
855 3547 921 3602 LVI,
934 3562 959 3591 n.
970 3545 997 3609 4)
1010 3545 1238 3617 ῑηᾶίῑεπιιημο

161 3627 251 3675 finibus
267 3624 432 3689 Epirotarum.
451 3623 489 3670 Cf·
504 3624 608 3675 XXIX.
627 3638 670 3681 ως
716 3625 866 3693 Οὐαραλίους
879 3627 928 3692 leg.
945 3644 999 3676 esse
1011 3622 1196 3696 Oteptatoug,
1212 3644 1238 3683 et

163 3707 239 3762 XLV,
254 3707 298 3761 303
312 3703 401 3766 Polyb.
412 3703 450 3760 11,
459 3702 474 3748 5
479 3720 485 3760 ;
497 3703 537 3760 ΙΙ,
553 3717 596 3756 11;
608 3703 669 3759 vu,
715 3720 746 3751 ex
757 3704 803 3752 hac
818 3704 918 3751 natione
930 3705 1003 3751 fuisse
1013 3712 1101 3755 servos
1113 3708 1176 3757 illo·
1186 3726 1239 3759 mn·

162 3800 191 3846 93
204 3783 349 3840 Strab.VII,
365 3799 388 3843 7,
404 3783 429 3840 Β,
442 3798 467 3844 p.
481 3781 546 3839 3263
556 3780 669 3845 Thuryd·
714 3787 798 3835 rianos
807 3804 848 3852 ap.
857 3786 1029 3849 Plutarchum,
1039 3784 1081 3847 οὓς
1092 3786 1239 3858 Raphiae

162 3866 202 3920 11,
218 3875 242 3909 et
261 3861 344 3925 steph.
358 3863 418 3925 Byr.
434 3864 482 3907 Pro
500 3858 598 3906 Ardiael'
613 3859 669 3906 edd·
714 3869 846 3921 καλοῦσιν,
875 3882 928 3913 nau
957 3868 1021 3915 male
1054 3872 1240 3937 suspicabatur

160 3953 215 3989 ante
227 3943 303 3988 Grou.
314 3940 428 3987 Parthini
439 3950 463 3986 et
477 3938 670 3993 Archidemum
715 3945 792 3990 Gran.
809 3943 841 3990 ad
858 3942 925 3989 huuc
942 3943 1035 3994 lacum.
1049 3972 1088 3983 -··
1104 3950 1240 3999 Erebum

161 4021 269 4084 plerique
283 4018 404 4075 Archide,
419 4031 444 4065 at
462 4020 515 4064 Put.
530 4017 667 4073 Archidaei,
714 4021 840 4086 indignum
850 4032 919 4068 ratas
932 4022 1077 4087 Philippum
1090 4028 1152 4077 vide
1166 4046 1242 4097 supr·

162 4111 185 4146 rt
198 4100 256 4145 hinc
270 4101 348 4146 Gran.
364 4113 392 4144 ac
408 4099 482 4144 Drak.
500 4097 614 4159 Ardyoei.
622 4099 670 4145 Sed
714 4100 746 4147 nd
759 4102 784 4155 l,
799 4102 841 4157 51,
856 4116 881 4147 n.
894 4101 917 4147 5.
