2768 4574
154 331 220 412 loli
291 352 294 357 ·
585 326 623 393 T.
650 327 808 394 LIVII·

192 446 301 506 stativis
317 446 354 505 ad
365 445 507 505 Anienem
519 445 653 517 fluvium,
668 446 722 502 tria
738 445 827 502 millia
843 462 980 520 passuum
996 442 1033 502 ab
1047 442 1144 515 Urbe,
1160 465 1222 523 po-

192 541 267 609 sitis,
287 559 352 597 cum
378 538 492 597 duobus
515 538 644 614 equitum
671 537 798 594 millibus
821 536 924 596 moenia
947 536 1091 612 situmque
1117 541 1222 595 Romae

193 632 364 708 obequitans
378 631 608 708 contemplatur:
622 630 672 687 sed
688 630 877 687 submovetur
891 627 928 685 ab
943 628 1104 704 equitibus,
1119 649 1135 685 a
1148 630 1222 686 Ful-

192 727 241 785 vio
255 725 404 796 immissis,
421 724 562 801 multique
577 724 730 794 turnultus,
747 735 854 779 temere
871 721 1000 791 excitati,
1018 721 1221 798 comprimun-

193 831 249 875 tur.
265 851 301 861 -
318 821 376 888 xl;
389 816 473 875 Acies
485 821 638 874 Poenorum
652 820 909 891 Romanorumque
923 814 968 872 bis
983 815 1129 872 instructae
1143 826 1222 872 tem-

192 910 350 990 pestatibus
359 910 544 968 dirimuntur.
553 915 619 981 Quo
630 909 725 966 omine
736 909 856 984 aliisque
867 909 959 965 causis
968 920 1063 964 motus
1074 906 1222 965 Hannibal

193 1003 229 1061 ad
243 1004 356 1060 Tutiam
372 1003 479 1061 flumen
495 1014 589 1058 castra
608 1001 712 1073 refert,
729 1014 758 1058 et
777 1001 914 1078 templum
935 1000 1065 1056 Feroniae
1084 1000 1223 1058 omnibus

192 1095 297 1174 spoliat
316 1094 408 1153 donis.
427 1136 467 1146 -
484 1098 563 1164 Xll;
585 1093 656 1150 lnde
679 1094 766 1150 cele'rr
788 1114 875 1150 cursu
896 1094 926 1150 in
949 1092 1090 1149 bruttium
1116 1113 1220 1168 agrum

193 1187 359 1258 contendit,
384 1199 413 1245 et
433 1186 550 1244 Fulvius
569 1186 645 1244 redit
666 1192 818 1264 Capuam:
843 1186 892 1243 ubi
915 1186 1062 1263 principes
1084 1185 1222 1244 domibus

191 1281 294 1341 inclusi
309 1281 409 1357 patriae
426 1297 559 1337 occasum
574 1281 604 1336 in
622 1279 683 1337 dies
698 1293 880 1357 exspectant,
893 1280 1079 1357 praefectique
1094 1279 1223 1357 praesidii

193 1373 309 1452 punici,
329 1377 430 1429 Bostar
448 1383 477 1427 et
495 1374 616 1442 Hanno,
633 1373 744 1444 literas,
760 1392 860 1449 aspere
879 1372 914 1429 ad
936 1371 1131 1430 Hannibalern
1147 1391 1223 1429 con-

193 1466 329 1542 scriptas,
342 1464 528 1541 perferendas
542 1463 661 1521 tradunt
675 1464 821 1534 Numidis,
833 1465 885 1541 qni
896 1465 991 1543 specie
1001 1464 1117 1542 quidem
1130 1478 1224 1522 trans-

194 1559 327 1635 fugarum
348 1557 379 1613 in
398 1570 491 1615 castra
514 1577 635 1615 romana
655 1558 791 1624 veniunt,
810 1570 843 1614 ut
864 1557 932 1615 inde
960 1557 1064 1615 abeant
1089 1571 1223 1636 tempore

195 1662 294 1726 capto,
306 1647 356 1704 sed
371 1669 388 1705 a
401 1649 673 1737 muliere'campana
685 1648 794 1726 proditi
806 1649 1092 1727 comprehenduntur
1106 1663 1134 1708 et
1148 1653 1225 1709 mul-

196 1742 252 1800 cati
270 1741 357 1818 virgis
373 1739 563 1818 manibusque
583 1741 710 1816 praecisis
728 1740 901 1816 rediguntur
917 1746 1055 1819 Capuam.
1075 1776 1111 1784 —
1130 1746 1224 1815 XIII3

193 1835 291 1910 Major
307 1833 367 1910 jam
387 1846 502 1891 senatus
518 1852 586 1911 pars
604 1834 712 1908 legatos
727 1833 764 1890 de
779 1853 850 1909 pace
868 1833 1030 1892 mittendos·
1041 1846 1152 1906 censet,
1169 1855 1224 1893 nc-

195 1925 354 2006 quidquam
369 1927 532 2002 refragante
546 1924 634 1983 Vibio
644 1925 757 1997 Virrio,
774 1925 943 1984 defectionis
961 1925 998 1983 ab
1015 1926 1153 1984 Romanis
1170 1947 1226 1984 au-

197 2031 294 2089 ctore,
308 2017 359 2094 qni
371 2017 487 2089 suadet,
499 2031 532 2075 ut
546 2031 638 2076 morte
652 2019 773 2078 honesta
788 2040 822 2078 ac
838 2018 897 2077 leni
913 2019 1057 2077 cruciatus
1072 2019 1223 2096 effugiant.

197 2147 237 2160 -
252 2115 339 2180 XIV,
360 2117 513 2176 Senatores
532 2132 618 2170 xxvu
639 2132 704 2170 cum
725 2113 820 2170 Virrio
836 2113 986 2190 epulantes
1007 2112 1141 2188 exemplo
1160 2113 1224 2190 ejus

197 2225 341 2266 venenum
359 2205 558 2277 hauriunt,·et
577 2217 669 2282 portae
687 2206 858 2283 aperiuntur
874 2203 1014 2262 hostibus.
1027 2208 1101 2262 Tum
1118 2205 1225 2282 reliqui

197 2298 484 2378 comprehenduntur
498 2311 658 2370 senatores,
674 2311 703 2356 et
718 2319 777 2356 xxv
796 2300 878 2356 Cales
891 2298 922 2354 in
936 2295 1111 2368 custodiam,
1122 2317 1225 2355 xxvrn

195 2399 329 2454 Teanum
348 2392 512 2452 mittuntur.
530 2425 567 2436 --
589 2395 727 2462 xv31te
749 2411 850 2449 eorum
874 2390 1016 2469 supplicio
1034 2391 1146 2468 Appius
1169 2410 1228 2467 per

198 2488 296 2546 literas
312 2499 443 2544 senatum
462 2505 615 2543 romanum
639 2484 763 2542 consulit
783 2505 790 2540 ε
814 2496 842 2541 at
859 2490 894 2556 Q.
912 2484 1031 2551 Fulvius
1051 2483 1116 2541 illos
1134 2483 1227 2562 virgis
1299 2521 1303 2525 -

199 2581 271 2640 caedi
285 2583 436 2658 securique
448 2581 561 2660 percuti
571 2579 667 2658 jubet,
683 2591 713 2636 et
728 2591 843 2656 sumpto
860 2577 975 2635 demum
995 2576 1139 2654 supplicio
1156 2576 1227 2634 lite-

198 2696 244 2734 ras
256 2674 324 2752 legit
334 2679 432 2733 Roma¹
442 2675 548 2734 allatas.
563 2672 703 2733 Eamdem
716 2684 839 2729 mortem
855 2671 981 2748 postulat
991 2674 1105 2728 Taurea
1117 2666 1226 2728 Jubel-

197 2769 253 2826 lius
270 2786 438 2844 campanus,
454 2785 545 2844 eaque
561 2778 664 2843 negata
676 2786 706 2823 se
724 2764 820 2841 gladio
837 2764 899 2841 ipse
916 2763 1064 2840 transfigit.
1082 2793 1119 2805 -
1136 2766 1226 2836 XVI;

198 2859 293 2918 Atella
310 2871 339 2915 et
356 2859 464 2917 Calatia
479 2859 510 2916 in
529 2858 706 2916 deditionem
723 2857 917 2935 accipiuntur,
933 2869 962 2914 et
977 2875 1077 2913 severe
1094 2854 1225 2912 animad-

198 2953 320 3010 vertitur
332 2952 363 3008 in
376 2955 539 3030 Campanos
553 2952 676 3010 maxime
687 2950 806 3008 noxios:
822 2953 951 3026 Capuam
964 2968 1036 3006 vero
1052 2947 1143 3025 ipsam
1159 2966 1227 3004 ser-

197 3045 261 3102 vari
282 3045 390 3120 placet,
408 3057 437 3102 et
456 3045 624 3122 praefectum
643 3063 679 3102 eo
700 3043 736 3100 ad
754 3043 820 3120 jura
841 3040 990 3099 reddenda
1011 3039 1165 3117 quotannis
1187 3039 1226 3098 ab

198 3142 291 3196 Roma
302 3138 536 3207 mitti.-XVII;
546 3140 578 3195 C.
587 3143 665 3196 Nero
676 3157 742 3195 cum
754 3137 852 3193 electis
864 3133 1002 3192 militibus
1014 3135 1044 3191 in
1055 3132 1226 3209 Hispaniam

197 3231 334 3302 mittitur,
351 3229 402 3287 ubi
417 3230 574 3288 exercitum
593 3229 630 3287 ab
647 3234 680 3288 T.
698 3229 820 3288 Fonteio
842 3247 876 3284 ac
893 3231 927 3284 L.
944 3225 1057 3282 Marcio
1077 3223 1227 3301 accipitet

197 3322 406 3381 Hasdrubalem
419 3321 528 3391 claudit
540 3322 658 3399 quidem
671 3324 762 3392 saltu,
775 3320 825 3378 sed
838 3319 908 3377 dolo
920 3317 982 3394 ejus
995 3330 1096 3394 captus
1109 3317 1224 3374 emittit.

197 3444 237 3460 -—
246 3418 361 3484 XVIII,
375 3414 499 3472 Comitia
512 3413 656 3473 habentur
670 3413 837 3492 proconsuli
854 3409 981 3470 creando
994 3410 1024 3467 in
1040 3410 1225 3488 Hispaniam,

199 3519 239 3577 et,
252 3507 366 3563 nemine
378 3524 482 3561 nomen
498 3507 628 3582 profiteri
640 3508 778 3579 audente,
788 3504 942 3581 imperinm
957 3504 1015 3561 hoc
1031 3503 1114 3581 petit,
1128 3502 1227 3560 omni-

196 3597 309 3674 busque
320 3597 462 3672 suffragiis
476 3600 580 3676 accipit
590 3607 620 3659 P.
634 3601 786 3660 Cornelius
799 3597 914 3673 Scipio,
929 3594 1041 3667 Publii,
1056 3594 1151 3671 quiin
1164 3594 1224 3652 Hi-

199 3690 298 3770 spania
310 3687 469 3761 ceciderat,
483 3691 558 3748 lilius
573 3713 644 3750 xxiv
662 3695 752 3750 ferme
773 3708 864 3747 annos
881 3701 975 3746 natus.
996 3719 1036 3732 -
1053 3689 1144 3757 XIX3
1167 3686 1225 3745 Hic

193 3781 323 3859 juvenis,
340 3780 389 3856 qul
401 3781 556 3841 virtutibus
572 3804 677 3861 easque
691 3780 856 3842 ostentandi
872 3793 933 3838 arte
948 3779 1088 3837 mirabilis
1100 3791 1177 3848 erat,
1196 3792 1226 3836 et

199 3873 303 3930 dirinae
317 3871 414 3961 stirpis
433 3893 493 3931 esse
513 3876 703 3948 credebatur,
714 3877 744 3933 in
760 3875 928 3952 Hispaniam
943 3872 1137 3950 proficiscitur
1156 3892 1226 3930 cum

198 3982 276 4020 novo
295 3962 422 4022 exercitu
438 3979 467 4023 et
488 3971 528 4024 M.
549 3968 635 4026 Junio
656 3968 753 4027 Silano
775 3981 973 4045 propraetore,
991 3966 1042 4042 qui
1061 3964 1178 4042 adjutor
1197 3967 1225 4024 ei

199 4054 233 4113 ad
253 4075 298 4114 res
313 4057 456 4134 gerendas
476 4057 559 4117 datus
579 4073 650 4122 erat.
668 4093 707 4107 -
722 4064 799 4130 xx;
817 4064 1013 4119 Tarraconem
1032 4055 1180 4130 concedit,
1195 4070 1226 4115 et
