2768 4574
699 246 704 255 ¹
949 240 956 269 Ι

193 322 263 400 ³72
622 307 660 372 T·
691 274 832 376 le'll
921 306 924 311 ’
949 356 952 365 -
1121 293 1245 402 lztzttl:

194 448 305 523 quern
328 424 415 493 vitio
437 437 578 493 creatus
597 450 673 495 non
689 425 840 523 gessia)
860 440 896 497 et
922 431 960 498 T.
980 429 1153 518 Quintius
1182 434 1268 505 Cri·

194 537 330 634 spinus.
339 535 509 631 Utrisque
520 533 840 607 consulibusItalia
850 536 995 607 decreta
1007 541 1197 635 provincia
1213 557 1273 614 est

192 662 229 719 et
245 629 319 717 (luo
339 645 545 716 consulares
565 647 695 741 prioris
711 648 797 717 anni
814 647 993 718 exercitus
1014 646 1163 744 (tertius
1184 666 1273 723 tuni

193 773 269 829 erat
282 756 468 844 Venusiae,
487 756 545 825 cui
565 761 614 826 M.
628 757 821 828 Marcellus
838 756 1070 855 praefuerat),
1089 760 1140 831 ita
1153 777 1199 833 ut
1219 788 1269 835 ex

192 869 310 942 tribus
332 867 507 964 eligerent
527 865 621 955 (luo,
637 893 730 964 quos
749 868 902 956 vellent3
919 870 1046 941 tertius
1060 872 1095 941 ei
1109 871 1275 945 tradere·

122 980 125 987 ’
193 995 274 1068 tur,
297 979 356 1049 cui
376 982 572 1047 Tarentum
595 991 631 1047 et
657 977 846 1048 Sallentini
864 977 1051 1074 provincia
1072 970 1297 1053 evenisset.¹

194 1095 337 1162 Caetera
362 1088 558 1185 provinciae
580 1088 629 1156 ita
656 1087 775 1157 divisae
800 1086 1043 1185 praetoribus:
1067 1093 1103 1158 Ρ.
1124 1091 1281 1185 Licinio,

192 1207 290 1271 Varo
300 1197 456 1285 urbana,
469 1202 505 1267 P.
515 1198 655 1268 Licinio
669 1201 799 1269 Crasso
809 1195 976 1296 pontifici
988 1200 1149 1270 maximo
1162 1226 1277 1300 pere·

194 1314 314 1411 grina,
334 1326 370 1381 ct
387 1333 462 1406 quo
486 1322 631 1380 senatus
650 1310 892 1396 censuisset23
915 1313 994 1380 Sex.
1016 1309 1113 1380 Julio
1136 1306 1277 1385 Caesari

194 1421 333 1509 Sicilia,
360 1425 403 1511 Q.
430 1417 583 1490 Claudio
606 1419 759 1489 Flamini
789 1423 995 1491 Tarentum.
1025 1425 1276 1519 Prorogatum

193 1536 386 1634 imperium
406 1533 443 1602 in
464 1555 601 1602 annum
622 1547 676 1601 est
696 1532 739 1620 Q.
755 1532 881 1601 Fulvio
899 1531 1047 1618 Flacc0,
1064 1546 1105 1601 ut
1118 1536 1277 1630 provin-

193 1649 282 1718 ciam
304 1649 485 1742 Capuam,
508 1667 589 1738 quae
610 1647 647 1712 T.
670 1643 813 1732 Quintil
832 1642 996 1740 praetoris
1020 1640 1159 1730 luerat,
1184 1669 1277 1715 cum
1302 1732 1307 1739 Ι

194 1782 267 1828 una
285 1756 429 1854 legione
447 1752 641 1824 obtineret.
659 1757 899 1850 Prorogatum
918 1767 954 1823 et
973 1756 1012 1822 C.
1027 1754 1186 1826 Hostilio
1201 1760 1278 1828 Tu-

190 1868 280 1939 bulo
296 1879 367 1951 est,
384 1878 426 1934 ut
441 1887 509 1960 pro
527 1877 680 1959 praetore
693 1863 731 1932 in
740 1862 922 1933 Etruriam
935 1862 980 1932 ad
997 1861 1087 1965 duas
1102 1863 1277 1960 legiones

194 1975 403 2049 succederet
428 1976 468 2042 C.
487 1972 686 2069 Calpurnio
706 2001 712 2042 :
735 1987 972 2071 prorogatum
995 1987 1031 2043 et
1051 1978 1091 2044 L.
1110 1976 1277 2047 Veturio
1305 2060 1311 2073 ,

193 2085 336 2157 Philoni
353 2097 424 2168 est,
445 2095 486 2151 ut
504 2107 572 2180 pro
591 2097 745 2180 praetore
766 2083 917 2154 Galliam
937 2082 1101 2154 eamdem
1116 2087 1277 2182 provin·

194 2198 286 2268 ciam
307 2217 391 2265 cum
416 2191 542 2263 iisdem
569 2191 712 2265 duabus
732 2192 939 2291 legionibus
958 2191 1163 2281 obtineret,
1185 2197 1278 2295 qui-

192 2305 262 2376 bus
282 2317 414 2402 praetor
432 2302 659 2375 obtinuisset.
680 2304 791 2393 Quod
805 2306 843 2374 iu
861 2308 901 2374 L.
913 2305 1087 2392 Veturio,
1106 2303 1212 2377 idem
1233 2308 1278 2379 in
1306 2398 1312 2405 Ι

193 2421 231 2488 C.
247 2414 468 2485 Arunculeio
483 2413 670 2485 decretum
690 2413 735 2485 ab
751 2430 897 2501 senatu,
912 2415 1101 2512 latumque
1119 2414 1168 2487 de
1183 2441 1277 2517 pro-

191 2525 356 2623 rogando
377 2525 531 2621 imperio
552 2523 597 2594 ad
616 2524 796 2620 populum
815 2539 886 2610 est,
907 2526 971 2621 qui
990 2539 1125 2622 praetor
1141 2528 1281 2599 Sardi-

191 2639 289 2708 niam
304 2635 527 2733 provinciam
545 2658 629 2704 cum
649 2632 791 2705 duabus
810 2633 1017 2730 legionibus
1035 2632 1275 2727 obtinuerat:
1318 2664 1325 2674 '

192 2747 321 2819 additae
344 2745 377 2816 ei
399 2745 443 2815 ad
461 2745 669 2841 praesidium
689 2745 883 2841 provinciae
908 2745 1177 2842 quinquaginta
1203 2773 1274 2819 ua·
1305 2830 1312 2837 ,
1360 2743 1364 2749 ’

191 2882 272 2945 ves,
287 2881 377 2952 quas
387 2861 423 2926 Ρ.
433 2856 554 2952 Scipio
565 2880 609 2924 ex
622 2855 794 2951 Hispania
811 2856 977 2926 misisset.
993 2861 1037 2926 Et
1049 2861 1085 2926 Ρ.
1100 2855 1275 2954 Scipioni

193 2983 229 3038 et
246 2973 296 3038 Μ.
310 2966 430 3036 Silano
446 2989 518 3035 suae
535 2965 714 3061 Hispaniae
728 2965 857 3060 suique
877 2967 1057 3037 exercitus
1073 2967 1112 3035 in
1125 2990 1275 3041 annum

194 3082 330 3152 decreti
340 3077 364 3149 ³.
383 3079 502 3174 Scipio
515 3103 561 3148 ex
579 3081 761 3178 octoginta
776 3079 948 3169 navibus,
962 3106 1052 3179 quas
1064 3094 1128 3151 aut
1138 3104 1278 3155 secum

228 3265 290 3310 Car.
307 3262 393 3308 XXII.
414 3275 436 3307 r.
454 3260 610 3319 Consulatus,
634 3279 705 3326 quem
749 3262 844 3327 SIgonii
860 3264 931 3328 Disp.
946 3281 968 3311 c.
986 3265 1014 3323 5,
1031 3263 1160 3328 imperium
1173 3266 1204 3314 in
1217 3283 1278 3317 ma.

192 3341 255 3389 vitio
270 3336 365 3387 creatos
378 3355 427 3386 non
436 3340 527 3404 gessit;
542 3341 591 3388 vid.
601 3343 704 3400 XXIII,
745 3342 851 3406 gnaram
863 3343 966 3390 insitum
978 3342 1132 3391 fuissemus
1143 3344 1279 3397 Hostilius

193 3429 237 3478 41,
249 3418 312 3467 etad
322 3422 355 3477 V,
369 3434 409 3479 17,
423 3435 448 3467 n.
457 3426 481 3474 t.
748 3421 830 3485 priore
849 3437 914 3469 anno
927 3422 1131 3483 jurisdictionem.
1145 3424 1279 3477 urbanam

229 3516 253 3548 2.
268 3501 302 3546 Et
319 3515 367 3563 quo
382 3510 480 3546 senatus
494 3499 637 3554 censuisset,
650 3499 703 3546 scil.
748 3501 850 3548 sortitus
868 3501 960 3549 nullam
979 3512 1072 3566 partem
1087 3501 1193 3565 Imperii
1206 3506 1280 3555 mili-

191 3578 312 3637 eundum,
322 3595 365 3625 seu
379 3595 435 3625 eum
447 3578 607 3636 mittendum,
619 3587 647 3624 ut
660 3577 703 3625 lib.
748 3580 805 3626 tatis
823 3580 950 3644 attigerat3
969 3580 1021 3630 vid.
1036 3580 1069 3628 ad
1079 3596 1134 3644 cap.
1149 3596 1176 3642 7.
1197 3585 1279 3636 Unde

191 3660 274 3716 XLII,
291 3659 336 3717 28,
348 3659 452 3705 31extr.
463 3668 487 3704 et
496 3658 587 3716 XLIV,
599 3669 702 3715 17extr.
748 3673 901 3722 consequens
919 3671 968 3720 est,
982 3676 1034 3708 non
1049 3659 1165 3724 potuisse
1185 3663 1211 3711 ei
1226 3664 1278 3713 itu·

191 3753 238 3804 pro
255 3753 305 3800 quo
321 3739 406 3803 XLII,
427 3737 457 3784 31
474 3735 538 3782 med.
555 3734 662 3784 dicitur:
677 3748 705 3783 nt
746 3737 843 3800 perium
856 3739 1005 3804 prorogari,
1027 3738 1075 3786 nisi
1092 3738 1119 3787 id
1135 3739 1195 3800 iam
1214 3754 1281 3795 unte

192 3818 252 3873 iret,
265 3833 313 3880 quo
323 3832 374 3863 sen.
385 3831 449 3862 cens.
462 3842 497 3851 -
507 3817 670 3879 Prorogatum
680 3827 704 3863 et
745 3814 898 3866 habuisset.»
906 3818 972 3865 Duk.
980 3817 1010 3865 Id
1018 3818 1282 3879 conjectunmtum

192 3898 217 3946 C.
229 3895 334 3943 Hostilio
347 3894 440 3940 Tubulo
453 3905 488 3940 est
497 3892 702 3957 imperium,«ex
746 3894 905 3960 impugnatur
924 3913 937 3943 a
955 3897 1058 3961 sigonio
1076 3895 1107 3944 de
1130 3894 1195 3964 lege
1213 3902 1281 3967 cur,

191 3975 241 4023 h.l.
249 3976 333 4032 XXV,
344 3981 385 4030 41;
394 3974 492 4030 XXVI,
501 3974 547 4032 28,
557 3984 582 4020 et
591 3975 702 4033 XXXII,
747 3989 800 4039 cap.
819 3977 842 4022 6.

194 4070 221 4114 1,
235 4052 336 4102 conficit
345 4051 468 4101 Grucths
478 4052 504 4099 in
513 4054 587 4117 Resp.
597 4053 702 4118 adpost.
783 4057 807 4102 3.
823 4057 856 4104 Et
873 4059 902 4106 P.
914 4055 1023 4121 Scipioni
1040 4067 1065 4104 et
1080 4056 1119 4105 M.
1132 4058 1277 4116 Silano...
1306 4107 1313 4119 .
