2768 4574
182 277 304 414 ὲςὲζξῑξς
379 328 472 394 uin
497 321 678 393 xxvur.
705 322 809 392 car.
837 325 906 391 111.
934 324 999 391 ιν.
1145 321 1215 419 339

156 468 272 517 unum
286 469 323 516 se
343 443 527 541 colligeret
536 439 561 512 ⁵.
582 444 711 514 Timor
727 442 813 513 inde
834 441 1035 540 oppidanos
1056 444 1218 532 incessit,

157 581 223 644 ne,
239 557 268 625 si
283 553 396 625 hostis
409 552 539 624 urbem
552 554 742 643 intrasset,
759 554 838 623 sine
851 551 1072 642 discrimine,
1085 559 1219 626 Poenus

158 691 204 737 an
217 660 398 762 Hispanus
417 677 531 751 esset,
550 661 649 733 obvii
665 663 799 760 passim
815 659 1049 733 caede'rentur.
1070 666 1217 759 Itaque,

158 773 335 877 patefacta
359 787 509 871 repente
532 788 655 871 porta,
680 771 891 870 frequentes
912 797 956 843 ex
980 771 1128 870 oppido
1140 799 1217 846 sese

158 884 360 978 ejecerunt,
381 897 481 954 scuta
494 907 567 980 prae
582 907 620 954 se
638 896 821 971 tenentes,
838 907 885 953 ue
900 882 969 953 tela
988 882 1117 980 procul
1130 908 1218 954 con·

155 993 373 1089 jicerentur3
392 983 536 1063 dextras
554 980 671 1063 nudas
685 1007 930 1081 offstentantes
948 1007 991 1062 ut
1001 992 1142 1090 gladios
1160 992 1221 1064 ab

156 1107 283 1201 jecisse
305 1118 505 1202 appareret.
527 1100 571 1173 Id
590 1095 715 1174 utrum
743 1129 870 1202 parum
894 1129 939 1174 ex
963 1101 1152 1174 intervallo
1176 1105 1222 1174 sit

160 1228 413 1313 conspectum,
424 1238 471 1284 an
483 1212 588 1284 dolus
599 1214 728 1311 aliquis
741 1221 927 1311 suspectus
940 1212 1068 1302 fuerit,
1082 1215 1220 1284 incom-

157 1339 305 1425 pertum
320 1339 383 1396 est.
397 1330 558 1424 Impetus
573 1323 717 1426 hostilis¹
731 1325 770 1394 in
788 1323 991 1422 transfugas
1009 1322 1141 1412 factus3
1154 1349 1222 1395 nec

160 1460 284 1524 secus,
313 1459 423 1532 quam
448 1433 596 1506 adversa
623 1435 737 1523 acies,
764 1436 870 1505 caesi:
891 1434 1091 1530 eademque
1117 1431 1223 1530 porta

161 1548 261 1643 signa
285 1543 414 1616 infesta
439 1545 480 1614 in
497 1542 628 1615 urbem
648 1541 763 1634 illata3
782 1558 819 1614 et
840 1542 916 1614 aliis
934 1542 1221 1640 partibussecu·

119 1651 124 1659 “
160 1655 262 1728 ribus
288 1654 520 1752 dolabrisque
547 1653 778 1725 caedebantur
801 1651 858 1750 [et
883 1651 1174 1752 refringebantur
1183 1648 1224 1750 ⁶]

162 1781 295 1865 portae,
324 1781 392 1853 et,¹
406 1779 448 1835 ut
472 1766 626 1863 quisque
651 1764 858 1836 intraverat
871 1758 1003 1861 eques,
1031 1762 1077 1833 ad
1103 1761 1224 1834 forum

162 1875 433 1974 occupandum,
457 1876 507 1945 ita
525 1876 622 1946 enim
643 1889 863 1973 praeceptum
885 1887 976 1963 erat,
996 1874 1105 1944 citato
1127 1897 1224 1970 equo

162 1984 335 2082 pergebat
356 2011 363 2053 :
384 1981 545 2054 additum
570 1999 647 2055 erat
671 1998 709 2056 et
728 1985 935 2055 triariorum
958 1985 1073 2080 equiti
1100 1984 1225 2080 praesi-

163 2095 274 2165 dium.
285 2095 486 2192 Legionarii
501 2093 772 2193 caeteraspartes
781 2093 1004 2192 pervadunt:
1019 2092 1225 2190 direptione

163 2218 201 2274 et
218 2203 315 2274 caede
334 2202 544 2292 obviorum,
562 2205 631 2275 nisi
649 2205 713 2302 qui
737 2205 843 2275 armis
861 2229 899 2275 se
917 2202 1132 2290 tuebantur,
1148 2201 1227 2274 abs·

163 2317 364 2387 tinuerunt.
384 2314 843 2412 Carthaginiense's'omnes
863 2316 903 2384 in
920 2312 1126 2414 ¹custodiam
1150 2312 1227 2384 'dati

164 2441 250 2498 sunt
268 2452 275 2495 :
293 2425 563 2524 oppidanorum
575 2451 725 2524 quoque
741 2426 893 2497 trecenti
909 2423 1041 2511 ferme,
1058 2425 1122 2520 qui
1137 2423 1228 2493 clau-

164 2550 284 2607 serant
307 2550 455 2633 portas:
477 2538 613 2629 caeteris
635 2535 807 2608 traditum
829 2533 1024 2632 oppidum,
1046 2558 1119 2604 suae
1143 2532 1228 2603 red·

167 2643 248 2714 ditae
274 2668 342 2715 res.
372 2644 543 2717 Cecidere
569 2647 608 2715 in
632 2643 732 2716 urbis
759 2643 1136 2740 ejusvoppugnatione
1159 2642 1228 2713 ho-

166 2753 274 2824 stium
298 2751 372 2823 duo
393 2748 504 2826 millia
523 2753 656 2844 ferme,
684 2761 932 2826 Romanorum
954 2749 1052 2822 haud
1074 2752 1229 2850 amplius

165 2861 376 2958 nonaginta.
580 2881 582 2884 ·

215 2975 275 3041 IV.
296 2975 406 3040 Laeta
413 2984 449 3041 et
467 2972 569 3067 ipsis,
588 2974 746 3070 quirem
767 2996 926 3070 gessere,
948 2969 1098 3042 urbis
1067 2927 1145 3067 ejus
1165 2996 1230 3043 ex-

166 3080 341 3178 pugnatio
357 3077 444 3166 suit',
464 3094 500 3149 et
513 3081 744 3178 imperatori¹
761 3097 966 3178 caeteroque
985 3082 1176 3170 exercitui3
1195 3075 1233 3152 et

167 3190 372 3288 speciosum
386 3189 581 3262 adventum
599 3216 726 3282 suum,
742 3195 929 3289 ingentem
951 3190 1098 3263 turbam
1119 3193 1231 3289 capti·

166 3326 297 3372 vorum
317 3325 390 3398 prae
415 3325 453 3372 se
472 3316 638 3398 agentes,
663 3301 838 3375 fecerunt.
861 3304 1002 3401 Scipio,
1026 3301 1230 3374 collaudato

168 3407 298 3500 fratre,
312 3436 444 3508 quum,
464 3427 603 3509 quanto
617 3427 760 3510 poterat
773 3412 969 3485 verborum
981 3411 1135 3499 honore,
1151 3415 1232 3482 Car-

205 3641 229 3689 5.
241 3645 272 3689 In
286 3659 359 3689 unum
375 3660 400 3691 sc
416 3646 552 3711 colligerem
565 3647 630 3694 cons.
644 3645 677 3694 ad
721 3646 795 3694 verba
808 3647 834 3693 in
849 3646 920 3695 Cant.
933 3645 998 3693 Flor.
1005 3644 1079 3692 Voss.
1094 3654 1119 3692 ct
1131 3644 1233 3693 Hermii

168 3721 283 3780 XXVII,
293 3721 341 3782 39,
354 3737 379 3770 11.
388 3739 414 3772 a.
720 3727 749 3774 1..
761 3741 785 3784 1,
795 3725 867 3790 plane
880 3724 1057 3773 desiderantur.
1070 3723 1136 3771 Hiuc
1150 3723 1233 3788 oppid.

204 3799 228 3846 6.
237 3800 271 3846 Et
278 3797 471 3864 rfiingebantur
478 3802 564 3862 rerba,
574 3803 601 3851 In
608 3803 677 3852 nullo
723 3803 873 3869 CDXfcrme
882 3804 948 3863 conj.
959 3804 1012 3852 Iac.
1023 3804 1101 3850 Grou.
1113 3813 1138 3850 et
1147 3802 1232 3866 oppid.

168 3878 218 3925 fere
226 3879 392 3942 MSreperta:
402 3880 571 3930 undeunciuis
580 3883 677 3946 inclusi.
722 3882 787 3931 mille
799 3882 925 3946 quingenti
929 3881 1011 3946 ferme
1023 3881 1099 3930 Drak.
1175 3919 1177 3922 ψ

168 3983 204 3994 -
219 3957 341 4022 Oppidan.
357 3974 453 4022 quoquc
473 3962 573 4010 trecenti
580 3962 679 4027 serme5
743 4009 745 4013 ,
757 3962 819 4012 Car.
828 3961 874 4008 tv.
886 3975 908 4009 r.
917 3961 952 4007 Et
961 3959 1103 4024 imperatori
1111 3959 1231 4025 Scipioni.

169 4037 225 4083 rut.
239 4034 307 4085 CON
325 4051 372 4100 pro
387 4052 483 4102 quoquc
500 4041 611 4098 trecenti,
625 4057 680 4104 quae
722 4067 757 4080 -
771 4039 904 4089 Verborum
916 4038 1023 4097 honore-,-
1033 4039 1090 4088 ride
1101 4040 1133 4089 ad
1147 4040 1235 4096 XXV,

994 4151 1055 4195 22.
