2768 4574
167 341 215 428 ιι
594 343 631 408 ι.
665 342 803 419 nvn
1075 323 1199 434 tter:

166 466 371 552 descissent,
380 470 382 477 '
383 469 626 563 persuasisse,
649 477 690 533 ut
708 462 867 534 redirent
881 467 918 531 in
939 468 1135 534 amicitiam
1152 471 1226 536 Ro·

166 600 381 671 maaorum;
398 572 545 671 quanda
564 597 620 642 res
641 595 786 669 quoque
804 583 992 661 romanat,
1013 598 1099 671 quae
1109 600 1227 672 prope

165 691 316 756 exitium
334 682 436 754 clade
454 689 627 752 cannensi
639 688 812 770 uenisset,
834 689 870 752 in
888 683 964 753 dies
981 683 1107 754 melior
1117 701 1228 782 atque

151 794 441 889 'auctiorfieret,·
456 791 673 863 Hannibalis
689 797 746 862 urs
762 790 970 881 senesceret,
990 819 1034 864 ac
1040 819 1159 893 prope
1176 795 1230 864 ad

165 903 318 975 nihilum
325 908 488 973 oenr'sset.
501 906 620 972 Veteri
626 899 773 974 delicta⁸
784 904 890 974 haud
896 903 1140 1002 implacabiles
1137 907 1227 996 sore

165 1022 367 1087 Romanos:
379 1012 517 1083 nullam
529 1037 691 1110 uuquam
705 1030 848 1108 gentem
859 1019 975 1110 magis
986 1014 1224 1101 exorabilem,

156 1129 491 1248 promptioremque
508 1129 629 1193 uenia
647 1123 782 1193 danda
788 1125 918 1214 fuisse
943 1128 1089 1216 Quoties
1111 1125 1226 1196 rebel-

165 1233 255 1304 lioni
264 1239 373 1332 etiam
387 1235 567 1327 majorum
578 1257 725 1304 suorum
740 1235 923 1328 ignotum?
931 1237 1024 1305 Haec
1033 1233 1084 1304 ab
1090 1260 1144 1322 se,
1160 1237 1224 1325 ait,

165 1344 290 1414 dr'cta:
308 1361 476 1414 coeterum
494 1343 582 1413 ab
568 1368 644 1440 ipso
673 1344 835 1414 Graccho
855 1342 982 1414 eadem
1002 1345 1082 1416 itaec
1099 1347 1226 1417 audire

165 1453 274 1525 malle
286 1480 362 1555 eos,
370 1458 630 1551 prasenttsque
640 1460 842 1550 contingere
853 1455 1038 1525 dextram
1049 1456 1090 1526 ια’
1088 1480 1226 1553 pignus

158 1565 254 1659 fidei
267 1591 388 1636 secum
399 1568 512 1656 ferre.
532 1569 668 1634 Locum
687 1589 726 1635 sc
743 1564 897 1635 consiliis
918 1565 1078 1635 dirisse⁹
1098 1591 1123 1635 a
1140 1591 1224 1636 cou-

163 1692 284 1773 spectu
308 1693 489 1763 amotum,
514 1675 620 1746 haud
631 1673 768 1771 procul
784 1701 808 1744 a
831 1681 954 1746 castris
978 1681 1146 1746 romanis.
1167 1676 1227 1747 Ibi

156 1794 288 1885 paucis
304 1787 424 1857 uerbis
443 1792 594 1880 transigi
607 1809 683 1854 rem
692 1809 822 1882 passe,
842 1802 883 1855 ut
897 1810 1004 1856 omne
1024 1811 1156 1857 nomen
1169 1785 1223 1857 lu·
1265 1871 1273 1883 .

163 1922 295 1967 canum
310 1896 433 1992 infide
447 1921 490 1965 ac
502 1900 669 1967 societate
681 1920 835 1967 romana
846 1901 900 1967 sit.
917 1895 1118 1983 Gracchus,
1132 1892 1225 1965 frau-
1280 1982 1292 1990 .

163 2005 246 2077 dem
270 2019 306 2076 et
330 2006 487 2077 sermoni
510 2020 546 2077 et
567 2006 619 2076 rei
643 2004 768 2078 abesse
791 2020 907 2096 ratus,
928 2031 969 2078 ac
992 2004 1223 2078 similitudine
1275 1990 1280 1997 ¹

162 2219 215 2250 rum
229 2202 308 2266 geniis
320 2202 486 2250 luennaezuec
503 2217 558 2248 cum
569 2201 634 2266 Lips.
646 2212 670 2250 et
715 2219 768 2251 cere
792 2214 860 2268 grate
882 2203 1046 2268 negligentia,
1065 2218 1118 2251 ιιοιι
1141 2216 1223 2266 operer

161 2281 250 2329 Medio
264 2281 310 2345 leg.
320 2280 477 2346 popularium
484 2299 494 2338 ;
508 2281 601 2330 stroth.
714 2283 819 2347 pretium
828 2282 930 2330 ducunt.
937 2283 990 2329 Liv.
999 2284 1023 2341 I,
1035 2283 1067 2330 33
1075 2299 1082 2342 ;
1090 2284 1148 2330 Tae.
1156 2283 1223 2329 Anu.

193 2361 221 2420 ‘7.
244 2359 348 2421 Quando
370 2375 407 2406 res
434 2376 529 2423 quoque
550 2376 670 2416 romanas
715 2361 998 2420 1,53.»un.-uaec
1011 2360 1044 2407 ab
1056 2376 1081 2407 se
1093 2359 1130 2407 ait
1140 2358 1221 2415 dicta,

162 2438 261 2486 vidend
274 2441 299 2497 I,
313 2454 357 2498 ιι,
367 2455 393 2485 ιι,
404 2440 427 2495 3,
437 2451 461 2487 et
469 2441 502 2502 V,
514 2439 547 2487 25
554 2474 561 2497 ,
569 2455 594 2486 ιι.
603 2440 626 2486 3.
636 2466 671 2476 --
690 2488 693 2493 ,
716 2440 778 2489 forte
787 2455 847 2487 sane
855 2439 921 2485 dicta
929 2455 938 2486 .·
946 2439 972 2486 in
981 2440 1044 2487 MSS
1053 2439 1102 2486 sint
1113 2453 1160 2502 pro
1171 2435 1223 2494 ait,-

161 2516 308 2564 Harmibalis
320 2517 359 2564 uis
370 2531 514 2575 senescerct;
526 2517 584 2566 vide
598 2518 629 2564 ad
646 2519 670 2576 1,
715 2520 792 2567 Gran.
805 2544 839 2554 -
851 2516 994 2582 Gontiugere
1006 2517 1136 2574 dextram,
1152 2525 1179 2563 ut
1190 2515 1222 2564 al.

161 2599 253 2654 22,‘n.
270 2597 292 2642 3.
714 2596 790 2654 dare,
810 2597 932 2662 jungere,
954 2596 1070 2661 amplecti
1090 2596 1221 2652 dextram,

197 2676 220 2723 8.
237 2675 317 2722 Vetat*
327 2675 414 2741 delicto
427 2694 436 2724 ι
456 2672 615 2738 (Quomodo
629 2692 670 2722 ue-
714 2675 782 2739 quod
795 2686 831 2722 est
839 2674 1002 2743 pr'guusjidei
1013 2686 1037 2722 et
1049 2675 1146 2722 amoris.
1162 2673 1223 2720 «stc

160 2750 204 2800 tus*
217 2752 329 2800 delictum
351 2754 411 2802 dicit
434 2772 533 2813 eorum,
552 2757 594 2819 qui
613 2765 670 2802 ante
713 2765 738 2802 et
760 2753 859 2802 dextras
873 2747 1001 2821 fidemque
1022 2752 1082 2801 dare
1099 2753 1223 2812 mro,

159 2849 250 2897 paucos
271 2849 348 2880 anuos
368 2833 544 2882 desciverant?
567 2832 669 2880 rebellio
713 2851 739 2882 n.
753 2835 781 2892 8,
797 2830 894 2900 etfides
911 2828 968 2882 κατ’
982 2831 1063 2899 ἐξοχὴν
1080 2833 1111 2881 de
1130 2832 1224 2880 dextris

159 2914 277 2973 maiorum
296 2924 367 2960 vetus
386 2913 501 2961 delictum
521 2924 585 2971 erat,
601 2912 668 2975 ipso·
710 2913 818 2973 junctis,
835 2922 862 2958 ut
875 2906 972 2975 δεξιαὶ,
988 2903 1017 2979 ἧς
1034 2903 1164 2983 interruit
1179 2932 1221 2980 up.

159 3007 213 3038 rum
226 2991 331 3040 defectio
347 2990 670 3039 naumann-wal-
713 2995 787 3040 Ηοιιι.
796 2990 825 3038 Il.
836 2993 875 3047 II,
891 2992 950 3049 341,
964 3002 988 3039 et
1001 2990 1119 3044 ἀνακαλεῖ
1132 2987 1163 3044 dl
1178 2987 1224 3043 dr·
1284 3000 1288 3007 '

159 3071 239 3128 chius,
249 3071 351 3138 Emeud.
360 3087 417 3134 pag.
428 3085 485 3131 197,
498 3080 628 3135 postquam
639 3067 669 3140 de
714 3069 765 3131 ξιᾶς
781 3069 867 3121 Πίστιν
886 3070 1003 3140 μεγίστην
1025 3071 1092 3135 apud
1111 3073 1221 3138 Euripid.

157 3149 206 3197 hoe
216 3150 272 3198 loco
283 3150 409 3206 disseruit,
419 3148 450 3196 ad
460 3147 533 3196 finem
543 3159 609 3195 notae
618 3147 670 3194 haec
714 3149 782 3198 Med.
790 3165 833 3208 21,
842 3149 884 3196 ubi
895 3149 952 3196 vide
963 3151 1064 3197 Persou.
1074 3173 1086 3192 n
1099 3152 1185 3200 schaef.

158 3228 293 3277 adscribit:
308 3252 321 3270 α
332 3215 517 3290 Quamcumque
534 3228 561 3274 in
577 3238 670 3291 partem
750 3243 773 3291 9.
788 3231 878 3275 Locum
890 3244 916 3274 se
929 3227 1035 3276 consiliis
1050 3229 1153 3289 dixisse,
1168 3233 1220 3280 scil.

157 3309 258 3355 verteris
274 3323 360 3355 vocem
373 3306 467 3362 ueteri,
481 3307 503 3352 si
516 3307 550 3354 ita
563 3303 667 3370 spectes,
713 3307 847 3370 superbae
865 3324 892 3355 re
909 3306 1029 3371 agendis:
1047 3319 1071 3355 et
1087 3309 1121 3356 ita
1137 3325 1222 3359 omnes

159 3385 244 3456 ἄκυρον
260 3388 324 3434 inest
339 3397 364 3434 et
376 3385 516 3436 deieraret
533 3397 576 3434 :et
586 3388 668 3450 potius
713 3386 775 3434 Mss
793 3398 817 3434 et
836 3384 893 3434 edd.
909 3386 947 3432 vel
960 3385 1067 3434 conciliis
1073 3403 1171 3452 ,neque
1184 3400 1222 3438 est

158 3481 209 3530 quo
221 3468 311 3526 justior
328 3463 372 3512 fiat
386 3463 495 3528 gradmio
512 3464 544 3512 ad
560 3466 668 3512 rebellio·
713 3466 846 3528 quodcum
856 3465 1017 3513 Gronovioet
1026 3466 1079 3514 aliis
1089 3479 1221 3531 reponatur

158 3561 212 3591 nem
217 3559 343 3607 requiras
344 3541 437 3606 freden
446 3542 537 3591 relicto
548 3546 603 3591 Jam
612 3544 668 3592 vide
713 3544 828 3601 consciis,
848 3543 939 3592 Stroth.
962 3534 1059 3592 Dixisse
1084 3544 1220 3610 (edixisse,

156 3641 188 3671 ιιι
205 3623 293 3670 henc'
285 3637 364 3685 ipsam
377 3616 533 3683 poenitentia
547 3622 584 3668 sto
569 3621 668 3685 gnifica·
712 3623 844 3681 indicasse3
854 3623 911 3670 vide
923 3624 1140 3688 Gronovtopnmr
1149 3626 1221 3674 MSS

157 3704 250 3750 tionem
265 3700 419 3764 reditumque
436 3700 465 3747 ad
482 3703 606 3750 Romanos
624 3719 667 3767 op·
711 3701 827 3750 Ediaisse
842 3701 898 3749 edd.
913 3713 969 3750 ante
986 3704 1063 3750 Gron,
1077 3705 1220 3752 —Nomen

156 3783 265 3847 positum
278 3780 421 3842 cogitaverit
427 3774 507 3844 priori
505 3781 666 3846 'drfisctr'ouit
711 3781 825 3829 lucanum
832 3799 842 3837 ,·
856 3781 912 3828 vide
922 3780 953 3828 ad
964 3783 991 3839 I,
1005 3796 1048 3841 ιο,
1058 3798 1082 3829 ιι.
1093 3798 1117 3830 2.

155 3858 187 3908 Et
201 3877 258 3907 sune
271 3859 395 3907 interdum
408 3846 441 3907 ita
456 3871 559 3908 utuntur
571 3861 611 3908 his
624 3878 666 3909 vo·
748 3875 786 3906 ιο.
799 3844 858 3907 Gum
869 3859 990 3906 lictoribus
1001 3875 1032 3906 ac
1041 3871 1087 3910 tur.
1097 3863 1217 3926 equitum,

155 3939 318 3995 cibusvetus,
337 3940 463 4003 antiquus,
482 3939 628 4004 scriptores,
639 3952 666 3989 ut
710 3940 784 4009 ,istst
778 3940 871 3990 ιππέων
886 3937 1019 4009 τριάκοντα
1036 3941 1143 4004 Appiun.
1158 3943 1219 3992 Bell.

156 4019 240 4065 referri
258 4018 361 4066 debeant
377 4018 408 4066 ad
421 4016 517 4082 aliquid
536 4019 603 4092 quod
618 4006 666 4066 illis
709 4021 792 4066 Ηιιιιι.
786 4035 857 4082 ..cap
869 4018 910 4064 35
926 4044 962 4054 -
978 4020 1063 4066 Hostes
1079 4021 1158 4068 subito
1175 4037 1218 4069 ex-

155 4080 391 4170 quidemiuanuno
399 4092 1076 4162 eit,sedqu0ded11orti;vrdeed1131,n..6
