2768 4574
211 355 280 450 276
629 358 668 422 r.
702 357 839 423 tlvu
903 402 906 407 .
1126 327 1255 444 lsslsssst'll

208 479 353 573 segnius
379 476 696 573 negligentiusque
719 473 854 546 factum
886 500 892 540 :
922 486 1060 569 septem
1088 476 1284 575 principes

209 601 375 672 senatus,
400 588 500 683 prius
522 611 632 682 quam
657 585 829 657 custodiae
851 586 889 655 in
907 586 1022 682 portis
1045 583 1285 683 locarentur,

209 709 293 766 ante
314 710 461 767 noctem
480 721 564 768 cum
584 695 706 766 liberis
726 707 929 783 evaserunt.
950 699 1098 765 Postero
1112 695 1174 767 die
1191 697 1283 771 luce

208 806 344 902 prima,
367 830 481 901 quum
509 819 654 876 senatus
676 807 713 875 in
732 803 854 875 forum
875 805 976 874 citari
989 819 1131 903 'coeptus
1157 825 1282 898 esset,

208 916 415 1004 desiderati,
428 915 602 1013 bonaque
618 941 747 987 eorum
760 917 965 987 venierunt.
980 920 1010 986 A
1024 919 1164 988 caeteris
1177 942 1284 992 sena·

208 1026 349 1097 toribus
369 1041 514 1097 centum
541 1028 669 1122 viginti
696 1025 859 1110 obsides,
883 1024 988 1096 liberi
1007 1028 1191 1124 ipsorum,
1214 1054 1281 1102 ac·

208 1138 325 1233 cepti,
343 1134 538 1231 traditique
561 1138 599 1204 C.
621 1136 791 1205 Terentio
818 1141 970 1206 Romam
991 1134 1209 1207 deducendi.
1242 1144 1283 1210 Is

209 1247 330 1317 omnia
348 1246 588 1343 suspectiora,
607 1268 716 1342 quam
733 1259 819 1315 ante
836 1244 999 1332 fuerant,
1017 1248 1055 1316 in
1075 1262 1202 1318 senatu
1221 1247 1282 1320 fe-

210 1358 261 1425 cit
283 1384 291 1425 :
313 1355 456 1452 itaque,
475 1369 649 1452 tanquam
670 1355 882 1426 imminente
914 1369 1060 1427 etrusco
1084 1356 1281 1448 tumultu,

209 1467 389 1563 legionem
410 1466 558 1536 alteram
577 1491 622 1536 ex
641 1464 790 1536 urbanis
808 1467 988 1536 Arretium
1005 1466 1137 1537 ducere
1150 1468 1283 1563 jussus

208 1579 284 1675 ipse
305 1580 346 1647 C.
362 1578 569 1664 Terentius,
587 1578 741 1673 eamque
760 1574 895 1646 habere
913 1576 952 1645 in
975 1575 1139 1672 praesidio
1157 1575 1279 1649 urbis.

209 1691 249 1757 C.
270 1687 462 1757 Hostilium
483 1711 565 1757 cum
582 1700 712 1757 caetero
736 1687 897 1756 exercitu
915 1684 1031 1781 placet
1049 1699 1163 1756 totam
1183 1710 1282 1785 pro-

208 1798 364 1867 vinciam
383 1820 590 1892 peragrare,
614 1810 649 1866 et
666 1820 807 1883 cavere,
829 1820 875 1865 ne
895 1820 967 1891 qua
980 1798 1120 1867 occasio
1134 1822 1281 1869 novare

209 1904 442 2003 cupientibus
464 1930 521 1975 res
542 1905 720 1976 daretur².
743 1910 782 1977 C.
800 1906 1010 1993 Terentius,
1030 1920 1071 1977 ut
1088 1909 1281 1978 Arretium

122 2014 125 2027 ²
209 2040 292 2085 cum
306 2015 447 2111 legione
456 2017 572 2103 venit,
583 2016 699 2086 claves
711 2030 901 2112 portarum
915 2038 1032 2111 quum
1041 2017 1281 2113 magistratus

208 2121 472 2222 poposcisset³,
491 2124 707 2221 negantibus
725 2127 767 2195 iis
781 2149 1014 2222 comparere,
1035 2123 1163 2197 fraude
1178 2152 1281 2200 amo

207 2246 262 2303 tas
282 2234 394 2329 magis
419 2248 538 2321 ratus,
557 2260 667 2330 quam
692 2234 908 2333 negligentia
926 2234 1171 2325 intercidisse,
1194 2239 1280 2337 ipse

208 2343 293 2413 alias
315 2342 431 2414 claves
454 2344 626 2416 omuibus
652 2346 767 2442 portis
789 2347 981 2443 imposuit;
1001 2346 1167 2442 cavitque
1188 2370 1280 2421 cum

208 2474 312 2538 cura,
330 2467 370 2523 ut
390 2455 511 2523 omnia
527 2455 564 2524 in
581 2469 758 2552 potestate
776 2480 841 2525 sua
859 2453 988 2527 essent.
1006 2456 1202 2527 Hostilium
1218 2459 1279 2530 in-

208 2563 344 2632 tentius
365 2565 527 2650 monuit,
552 2579 592 2633 nt
615 2566 649 2632 in
669 2589 854 2662 sospem,
877 2590 954 2635 non
973 2580 1138 2637 moturos
1161 2568 1278 2663 quid·-

208 2696 320 2769 quam
339 2676 529 2759 Etruscos,
545 2688 715 2771 poneret,
738 2675 782 2759 si,
803 2698 850 2744 ne
866 2673 957 2771 quid
971 2674 1109 2745 moveri
1124 2682 1278 2773 posset,

102 2843 105 2848 .
208 2784 368 2854 cavisset.

256 2896 368 2963 XXV.
394 2897 448 2961 De
470 2894 673 2963 Tarentinis
699 2893 785 2965 inde
812 2918 942 2991 magna
969 2895 1208 2969 contentione
1234 2899 1278 2969 in

208 3017 335 3075 senatu
366 3018 486 3072 actum
514 3028 635 3074 coram
657 3003 785 3095 Fabio,
811 3003 1029 3077 defendente
1054 3005 1153 3102 ipso,
1177 3032 1280 3104 quos

209 3126 354 3210 ceperat
371 3115 496 3199 armis,
512 3113 588 3184 aliis
606 3114 773 3203 infensis,
793 3130 829 3186 et
848 3117 1029 3214 plerisque
1042 3115 1280 3211 aequantibus

208 3233 294 3292 eos1
321 3226 588 3318 Campanorum
616 3251 719 3295 noxa·
737 3250 939 3323 poenaeque.
969 3226 1280 3299 Senatusconsul-

207 3447 273 3495 Editi
285 3449 373 3511 passim
385 3460 409 3497 et
423 3452 506 3514 scripti
520 3451 653 3499 exhibent:
661 3450 716 3515 jus·
795 3452 818 3499 3.
834 3452 916 3498 Claves
920 3462 1050 3515 portarum
1057 3466 1132 3514 quum
1142 3452 1283 3517 magistra·

207 3526 240 3572 sit
256 3526 356 3574 tribunis
373 3529 442 3577 milit.
457 3529 605 3593 praesectisq.
624 3546 673 3576 soc.
692 3540 717 3576 et
759 3542 796 3577 tus
807 3531 957 3594 poposcisset
968 3529 1112 3588 Terentius3
1124 3526 1186 3577 vide
1202 3532 1238 3580 ad
1253 3534 1283 3594 1,

203 3605 380 3655 sennerionibus
388 3625 397 3655 .·
406 3623 478 3671 quam
487 3607 604 3670 loquendi
613 3609 715 3655 formam
760 3615 808 3666 nt,
818 3626 842 3654 n.
855 3611 879 3656 6.
889 3636 924 3646 —-
936 3609 1095 3672 Comparem
1105 3607 1165 3654 vide
1176 3610 1214 3658 ad
1226 3612 1281 3672 Vl,

206 3683 237 3730 ab
253 3685 301 3732 illis
317 3702 395 3734 aureae
411 3686 540 3734 latinitatis
556 3687 715 3750 scriptoribus
762 3702 788 3744 1,
800 3704 825 3735 n.
837 3687 861 3735 6.

206 3777 345 3829 usurpatam
363 3782 429 3821 esse,
450 3765 497 3812 sibi
514 3765 640 3813 Creverius
660 3782 715 3830 per·
798 3767 859 3815 Car.
878 3766 962 3813 XXV.
984 3779 1006 3810 1.
1029 3762 1202 3827 AEqgasttibus·
1220 3786 1281 3829 eos,

206 3844 307 3891 suadere
317 3860 368 3891 non
377 3855 467 3907 potest.
475 3846 520 3892 En.
758 3862 843 3894 eorum
857 3860 946 3892 noxam
957 3860 1119 3908 precemque,
1132 3844 1285 3911 Congum.

241 3939 266 3970 a.
277 3925 316 3968 Ne
327 3938 376 3984 qua
388 3923 484 3970 occasio
495 3938 585 3970 novare
598 3923 714 3985 cupienti-¹
758 3942 811 3971 rum
827 3938 902 3970 noxoe
913 3938 1058 3987 poenoeque,·
1072 3922 1132 3970 vide
1149 3940 1233 3990 supra
1250 3928 1285 3978 ad

204 4002 247 4047 bns
260 4015 297 4046 res
308 4000 425 4056 daretur:
437 4002 493 4049 vide
505 4002 536 4049 ad
548 4005 574 4052 1.
591 4017 630 4060 11,
645 4019 670 4048 n.
685 4018 713 4059 1,
757 4002 800 4057 lib.
811 4005 844 4061 V,
859 4019 913 4066 cap.
929 4003 975 4059 23,
986 4016 1011 4048 n.
1024 4009 1052 4060 4,
1071 4012 1096 4048 et
1105 4001 1151 4057 tib.
1164 4002 1210 4064 X,
1223 4023 1283 4075 cap,

204 4091 230 4125 et
243 4081 267 4134 1,
282 4080 328 4127 52.
343 4095 368 4125 a.
381 4095 402 4126 1.
762 4096 877 4143 19,n.a.
