2768 4574
151 323 221 395 326
506 365 512 374 ι
580 329 620 392 r.
645 324 784 392 nivu
1071 299 1204 412 3:332}ss

150 445 288 518 bebant
306 475 313 515 :
330 446 388 534 id,
406 445 473 516 ubi
484 447 607 517 saevire
621 444 751 516 belluae
764 467 805 512 ac
821 443 981 534 ruerein
995 466 1080 512 suos
1096 462 1233 550 'eoepe-

149 571 250 644 mnt,
267 557 436 653 magister
449 558 545 626 inter
557 581 663 628 aures
676 556 854 654 positum,
875 554 956 651 ipso
970 555 1031 624 in¹
1046 554 1231 646 articulo,

150 667 409 765 qnojungitur
430 668 538 765 capiti
561 669 702 753 cervix,
724 667 863 763 quanto
889 664 1050 735 maximo
1074 679 1231 761 poterat

149 780 243 866 ictu,
257 777 435 875 adigebat.
452 782 503 848 Ea
518 779 705 849 celerrima
718 779 775 869 via
791 778 919 848 mortis
935 778 973 847 in
989 772 1098 848 tautae
1112 777 1230 850 molis

151 887 273 984 bellua
290 891 438 961 inventa
452 893 549 976 erat,
568 889 634 960 ubi
651 889 802 988 regendi
815 913 918 987 spem
932 889 1103 961 vicissent
1120 915 1128 958 :
1146 891 1229 986 pri-

150 1006 306 1097 musque
325 999 372 1069 id
393 998 597 1071 Hasdrubal
623 1000 848 1087 instituerat,
875 1000 950 1072 dux
979 1024 1095 1097 quum
1126 1023 1229 1098 saepe

152 1110 236 1182 alias
256 1109 520 1199 memorabilis,
539 1126 618 1182 tum
637 1111 698 1181 illa
714 1113 895 1210 praecipue
913 1134 1046 1209 pugna.
1068 1109 1133 1180 Ille
1154 1132 1229 1206 pu-

152 1234 304 1318 gnantes
319 1206 504 1290 hortando
512 1223 747 1317 ,pariterque
764 1218 937 1290 obeundo
951 1213 1129 1317 pericula,
1146 1241 1229 1291 sus-

153 1333 315 1403 tinnire:
308 1329 400 1400 ·ille
426 1328 540 1401 fessos
572 1329 849 1427 abnuentesque
875 1328 982 1399 taedio
1012 1343 1049 1400 et
1073 1328 1227 1419 labore,

151 1468 252 1513 nunc
273 1441 474 1538 precando,
496 1464 596 1525 nunc
616 1439 845 1536 castigando,
863 1433 1029 1509 accendit
1050 1465 1058 1507 ε
1081 1437 1142 1509 ille
1166 1437 1228 1510 fu-

151 1551 291 1650 gientes
308 1551 510 1635 revocavit,
532 1550 776 1646 omissamque
797 1572 957 1647 pugnam
977 1540 1117 1644 aliquot
1132 1547 1229 1622 lo'cis

152 1661 322 1732 restituit.
349 1664 556 1747 Postremo,
584 1684 700 1756 quum
727 1658 826 1731 baud
850 1657 961 1730 dubie
983 1656 1131 1729 fortuna
1146 1659 1228 1731 -ho-

155 1774 266 1843 stium
284 1788 396 1859 esset,
418 1797 466 1843 ne
487 1774 689 1868 superesset
706 1785 809 1842 tanto
831 1769 1007 1840 exercitui
1024 1793 1133 1855 suum
1156 1794 1228 1842 no·
1252 1838 1253 1844 ,

155 1892 425 1980 men'sequuto,
435 1883 615 1952 concitato
626 1907 723 1979 equo
735 1907 773 1952 se
783 1883 822 1951 in
834 1879 1024 1951 cohortem
1034 1895 1229 1951 romanam

154 1994 311 2063 immisit.
337 1991 410 2078 Ibi,
431 2006 472 2061 ut
484 1993 810 2088 patreHamilcare
835 2007 872 2062 et
889 1989 1092 2061 Hannibale
1112 1983 1230 2063 fratre

154 2100 305 2198 dignum
321 2115 415 2187 erat,
434 2125 599 2199 pugnans
611 2101 752 2174 cecidit.
763 2106 962 2199 Nunquam
978 2125 1024 2172 eo
1037 2100 1136 2172 bello
1150 2126 1231 2173 una

154 2214 229 2283 acie
244 2226 387 2282 tantum
396 2210 557 2285 hostium
567 2210 800 2283 interfectum
811 2226 877 2298 est,
892 2210 1108 2307 redditaque
1119 2234 1230 2307 aequn

155 2323 327 2397 cannensi
338 2322 475 2411 clades,
489 2322 547 2393 vel
555 2323 673 2408 ducis,
686 2323 744 2393 vel
759 2325 938 2394 exercitus
947 2320 1229 2411 interitu,vide·

157 2432 276 2504 batur
289 2434 564 2530 Quinquaginta
576 2457 638 2503 sex
650 2433 762 2503 millia
773 2433 934 2504 hostium
949 2427 1108 2504 occisa³z
1119 2447 1231 2529 capta

159 2545 325 2641 quinque
351 2543 463 2614 millia
487 2559 524 2614 et
544 2542 832 2668 quadringenti.
859 2543 980 2641 praeda
1003 2543 1072 2613 alia
1093 2565 1232 2640 magna

155 2669 236 2726 tum
260 2657 379 2726 omnis
404 2656 563 2752 generis,
588 2669 667 2725 tum
691 2657 770 2726 auri
791 2656 899 2727 etiam
918 2649 1142 2752 argentique
1168 2650 1231 2726 Ci-

155 2768 254 2838 vium
269 2767 377 2837 etiam
394 2789 630 2836 romanorum
637 2767 729 2862 ,qui
744 2767 841 2863 capti
855 2764 954 2863 apud
967 2763 1090 2835 hostes
1103 2777 1229 2850 eraut,

153 2972 240 3023 mediis
249 2987 375 3019 arenarum
383 2967 491 3027 actubus,
500 2982 574 3032 atque
582 2981 666 3033 gentes
710 2988 737 3018 ea
751 2970 864 3035 adempta
880 2971 919 3019 vel
935 2971 1002 3019 nulla
1014 2968 1119 3034 amplius
1130 2967 1231 3017 fuisset.

153 3051 316 3118 hyperboreae
325 3063 369 3113 per
377 3047 469 3111 rigidas
479 3046 548 3095 nives
558 3048 665 3096 omnium
746 3067 770 3097 α.
779 3052 795 3096 I
795 3052 826 3099 lle
830 3062 969 3114 pugnantes
977 3064 1035 3104 suos
1042 3046 1171 3096 ‘hortando
1178 3064 1233 3095 sus·

154 3131 266 3178 laborum
282 3125 481 3176 tolerann'ssimos
497 3123 550 3174 non
566 3128 619 3175 siue
634 3129 667 3177 ti·
711 3129 798 3188 tinuiti
811 3129 862 3177 vid.
876 3129 908 3176 ad
923 3132 962 3190 11,
979 3135 1026 3188 44,
1039 3144 1069 3176 nr
1080 3128 1106 3175 d.
1123 3152 1161 3162 —
1173 3126 1232 3174 Ab·

154 3225 222 3260 more
231 3207 327 3272 experti
335 3221 413 3268 nuper
422 3205 610 3270 obstupuerunt.
620 3210 665 3255 Eu.
709 3220 856 3272 ruentesque
864 3225 973 3272 pugnare
980 3207 1064 3264 taedio,
1072 3205 1106 3253 ob
1114 3204 1232 3256 taedium.

191 3288 253 3338 Cur.
268 3286 362 3332 unx.
383 3298 405 3331 1.
424 3287 481 3348 Ipso
502 3285 527 3333 r'n
544 3286 663 3343 articulo,
709 3316 745 3326 -
755 3290 834 3351 Quum
844 3287 916 3335 laud
922 3286 995 3335 dubie
999 3285 1108 3351 fimana
1120 3280 1233 3334 nostium

154 3383 204 3432 quo
214 3363 330 3429 jungitur
347 3362 426 3426 capiti
444 3364 541 3422 ceruix,
559 3366 665 3424 collum,
710 3379 783 3425 esset,
798 3366 829 3414 iis
844 3367 948 3425 faveret,
961 3366 1002 3413 vel
1010 3363 1118 3430 fimana
1133 3375 1173 3411 est
1190 3365 1232 3412 vi-

146 3443 279 3508 ,angebat
298 3443 339 3488 Ea
364 3443 490 3491 celerrima
509 3444 555 3491 via
580 3444 664 3491 mortis
708 3447 800 3504 cloria,
813 3462 918 3511 prosper
930 3455 1048 3502 eventus,
1062 3444 1101 3491 vel
1115 3442 1165 3507 leg.
1181 3444 1232 3492 du-

154 3523 165 3588 (
171 3522 228 3569 vide
238 3520 269 3569 ad
278 3523 324 3579 IV,
338 3522 384 3581 48,
397 3540 423 3571 ιι.
433 3522 467 3588 a)
482 3523 510 3570 in
519 3523 664 3588 elephantis.
709 3525 766 3581 ὀίω
773 3524 943 3572 BaueuHaud
951 3523 1024 3571 dubie
1031 3522 1145 3587 plerIque
1153 3524 1231 3572 MSS.

153 3602 225 3652 Cous.
247 3602 331 3649 Seuee.
350 3601 381 3648 de
400 3605 473 3650 Prov.
494 3604 524 3661 63
541 3603 664 3651 Ammian.
709 3603 788 3652 Haud
794 3603 871 3651 dubia
881 3603 938 3652 edd.
948 3614 1011 3652 entt.

152 3684 230 3734 More.
244 3682 329 3740 m,
345 3696 355 3727 1
369 3681 423 3746 (ubi
436 3681 526 3728 dicitur
536 3683 663 3737 vertebra,
747 3684 770 3731 3.
783 3682 968 3747 Quinquaginta
978 3698 1023 3730 sex
1031 3680 1111 3730 millia
1119 3679 1232 3730 bostium

153 3777 209 3825 quoe
228 3756 304 3824 onpue
322 3777 338 3807 a
354 3761 444 3808 cervice
458 3748 625 3818 distenninat,
641 3772 665 3808 et
710 3762 809 3810 occisa:
826 3773 902 3827 captu
920 3761 988 3817 5400
1001 3772 1128 3809 ....octo
1143 3759 1232 3824 ferme

154 3839 301 3888 Hasdrubali
316 3839 365 3886 hoc
377 3840 507 3887 inventum
520 3839 663 3902 tribuitur),
708 3841 787 3889 millia
794 3843 986 3889 Romanorums.
994 3839 1127 3888 occisusne
1134 3840 1230 3905 Polyb.

154 3933 178 3969 et
196 3936 270 3984 snpra
291 3919 323 3967 ad
342 3917 432 3965 librum
450 3921 530 3979 XXI,
547 3936 602 3984 cap.
617 3920 663 3978 55,
707 3923 793 3981 XLS,
804 3925 938 3970 Poenorum
948 3921 1232 3982 decem‚Romanom

84 4027 86 4030 ·
153 4017 178 4049 n.
192 4016 232 4047 ιι.
243 4025 278 4036 -
290 3997 336 4044 Ubi
344 3998 443 4063 regendi
455 4015 521 4063 spem
533 4000 660 4056 vicissent,
708 4000 759 4048 duo
768 4001 844 4048 millia
857 4001 958 4066 periisse
968 4001 1056 4060 trudit,
1065 3999 1134 4064 quod
1144 4000 1231 4050 multo

68 4150 74 4157 .
152 4079 228 4128 scilic.
240 4076 376 4139 elephanti,
393 4077 466 4125 nimis
481 4079 623 4139 saevientem
642 4079 663 4126 si
707 4079 859 4144 probabilius
885 4091 930 4129 est.
965 4079 1231 4132 Hasdrubalem-LVI
