2768 4574
70 386 72 392 .
164 298 286 406 ῢῐὲῑὲἑξῑ
396 318 558 386 LIBER
588 317 712 384 XXV.
739 317 846 385 cnr.
873 316 939 383 xi.
1153 313 1195 396 31

119 482 122 486 -
139 437 286 511 obsessi.
307 436 505 528 Hannibal,
524 436 730 508 convocatis
746 434 971 534 principibus
986 436 1200 508 Tarentino-

130 574 239 640 rum,
261 573 387 620 omnes
410 561 603 647 praesentes
626 543 852 616 difficultates
876 546 1043 644 exposuit
1060 571 1067 613 :
1084 571 1201 644 neque

74 686 76 692 ·
139 666 231 734 arcis
248 676 321 730 tam
340 666 489 732 mum'toe
511 656 767 756 expugnandus
779 661 880 726 viam
901 681 1061 744 cernere,
1084 682 1202 755 neque

138 776 176 839 in.
199 769 384 841 obsidione
405 770 607 868 quidquam
629 767 764 838 babere
780 773 876 865 spei,
895 767 1009 837 donec
1030 775 1202 867 maripo=
1280 796 1282 800 ·

138 884 274 949 tiantur
287 879 415 949 hoster.
436 880 547 971 Quod
560 885 593 949 si
604 903 711 948 naves
725 882 813 964 sint,
858 875 962 946 uibus
983 895 1202 950 commeatus

138 976 503 1075 inuehiprohibeam,
520 974 699 1073 extemplo
716 989 783 1045 aut
798 903 1036 1061 obsessuros,
1056 992 1123 1046 aut
1137 977 1202 1046 de-

137 1086 274 1157 dituros
286 1113 325 1158 se
340 1087 468 1158 hostes.
488 1085 786 1159 Assentiebantur
799 1075 985 1154 Tarentini
1001 1100 1201 1172 ;,caeterum

137 1197 189 1286 ei,
205 1197 270 1292 qui
288 1195 478 1268 consilium
494 1194 656 1285 afferret,
675 1219 783 1294 opem
800 1219 949 1293 quoque
968 1195 1006 1263 in
1025 1219 1103 1276 earn
1123 1220 1202 1266 rem

137 1301 357 1378 afferendam
380 1331 475 1396 esse,
499 1306 704 1396 censebant.
726 1313 884 1377 Punicas
904 1313 999 1376 enim
1021 1331 1129 1377 naves
1154 1332 1201 1377 ex

136 1414 258 1487 Sicilia
271 1424 402 1505 accitas
417 1419 458 1488 id
461 1443 573 1516 posse
573 1420 724 1509 facem:
738 1443 824 1488 suas
831 1473 842 1506 ‚
861 1442 946 1515 quse
967 1423 1049 1487 smu
1069 1424 1202 1514 em'guo

137 1530 232 1597 imus
251 1526 397 1600 inclmoe
415 1545 546 1616 essent,
561 1553 674 1625 quum
692 1528 847 1598 claustra
860 1543 991 1626 portus
1006 1527 1116 1598 hostis
1132 1528 1200 1600 bo·

138 1634 249 1723 beret,
269 1661 415 1735 ecquem
429 1637 483 1708 ad
497 1638 646 1709 modum
665 1638 750 1708 inde
764 1645 801 1708 in
818 1655 982 1737 apertum
1001 1663 1102 1708 more
1117 1663 1201 1710 eva·

136 1748 262 1828 suras?
283 1749 493 1846 «Evadent‚
513 1750 634 1846 inquit
653 1747 845 1823 Hannibal.
875 1738 1008 1838 Multa,
1029 1774 1110 1846 quoe
1130 1751 1199 1820 im·

136 1885 154 1920 «
168 1857 289 1955 pedita
302 1873 430 1930 natura
443 1874 546 1947 sunt,
562 1860 713 1931 consilio
732 1859 985 1958 expediuntur.
1002 1858 1139 1930 Urbem
1161 1847 1200 1940 in

136 1995 153 2030 «
167 1960 294 2065 c'ampo
309 1970 411 2040 sitam
428 1969 591 2056 habetis:
608 1970 723 2068 plunae
740 1984 775 2040 et
796 1972 879 2042 satis
897 1970 975 2041 latoe
993 1970 1057 2040 viae
1076 1983 1201 2068 patent

136 2104 155 2179 (ς
167 2077 207 2145 in
229 2101 355 2148 ornnes
372 2092 502 2176 partes.
522 2079 609 2168 Via,
633 2104 712 2176 quae
731 2080 770 2148 in
790 2094 939 2177 portum
958 2103 1024 2176 per
1045 2079 1201 2150 mediam

136 2214 153 2275 n
167 2185 297 2258 urbem
309 2187 354 2257 ad
367 2213 464 2259 mare
477 2189 682 2259 transmissa
695 2185 781 2276 est⁸,
791 2189 957 2287 plaustris
972 2188 1198 2276 transveham

137 2320 276 2368 «naves
293 2296 391 2369 haud
406 2323 534 2396 magna
548 2298 656 2368 molo.
673 2302 717 2368 Et
731 2324 829 2370 mare
841 2314 1007 2371 nostrum
1023 2301 1107 2388 erit,
1124 2325 1199 2397 quo

136 2435 153 2470 κ
168 2432 266 2479 nunc
287 2408 410 2480 hostes
433 2411 651 2507 potiuntur;
675 2423 711 2480 et
732 2408 832 2480 illinc
857 2410 967 2497 mari,
993 2409 1079 2480 hinc
1105 2423 1200 2481 terra

135 2546 152 2580 α
166 2517 499 2590 circumsidebimus
513 2543 640 2590 urcem.
655 2522 772 2590 Immo
786 2518 888 2589 brevi
903 2532 966 2588 aut
979 2519 1139 2589 relictam
1153 2520 1199 2592 ab

136 2626 342 2718 «hostibus,
358 2644 419 2701 aut
433 2654 516 2701 cum
533 2630 617 2727 ipsis
626 2628 792 2700 hostibus
801 2631 992 2725 capiemus.
1003 2659 1020 2694 n
1032 2636 1114 2701 Haec
1127 2657 1200 2703 ora·

136 2739 187 2808 tio
199 2765 275 2810 non
289 2765 390 2839 spern
400 2737 689 2827 modoeffectus,
703 2739 765 2810 sed
777 2741 962 2836 ingentem
977 2741 1084 2810 etiarn
1098 2740 1198 2814 ducis
1298 2832 1306 2840 μ

137 2848 410 2921 admirationem
419 2847 517 2921 fecit.
529 2854 720 2946 Contracta
730 2849 912 2946 externplo
924 2848 1085 2946 undique
1096 2851 1199 2949 plau·

137 3051 264 3108 habebat,
277 3050 403 3097 Tarentini
416 3065 490 3097 naves
506 3065 575 3108 suus,
591 3049 645 3097 sinu
689 3043 770 3088 urbem
780 3041 817 3088 ad
825 3054 894 3088 mare
904 3032 1045 3089 ‘lammis-‘2⁸
1055 3055 1104 3100 est;
1116 3056 1141 3092 at
1150 3048 1198 3095 Po-

137 3131 225 3196 eoer'guo
245 3129 308 3177 intus
327 3129 431 3176 inclusas
438 3162 446 3185 ,
472 3144 517 3192 per
529 3129 646 3177 isthmum
688 3123 740 3189 lyb·
751 3121 811 3172 dicit
821 3121 866 3176 τὴν
878 3121 1068 3181 πλατεῖανντὴν
1079 3122 1199 3194 ὑπάρχου·

137 3211 163 3257 in
185 3225 249 3257 mare
272 3209 393 3267 strenus,
418 3223 462 3254 seu
487 3206 646 3255 meridionalo
690 3219 735 3252 σαν
759 3200 803 3270 μὲν
832 3202 897 3260 ἐντὸς
916 3205 959 3253 τοῦ
980 3195 1199 3273 διατειχίσματος,

138 3299 326 3339 transvexerunt
348 3279 609 3355 (ὑπιρνιωλκήσαντις
620 3281 644 3347 ),
690 3281 805 3349 φέρουσαν
821 3275 851 3332 ‘ll
866 3284 936 3351 παρὰ
950 3281 978 3332 τὸ
992 3275 1155 3351 θιατῑῖχῑσμα
1173 3288 1200 3340 lu

59 3416 60 3420 ,
137 3367 645 3439 opeeruptionbnospiqonmochhrarnm,
690 3366 732 3411 τοῦ
755 3361 850 3429 λιμένος
874 3361 906 3420 εἶς
927 3360 971 3415 τὴν
994 3359 1038 3421 ἔξω
1064 3361 1198 3420 θάλατταν,

136 3463 178 3506 seu
197 3447 365 3496 vehiculorum
386 3457 530 3493 rotatorum.
555 3447 646 3495 Confer
689 3439 795 3487 Hincex
802 3451 878 3503 portu
891 3441 955 3500 conj.
972 3441 1055 3502 Sigon.
1070 3453 1094 3489 ot
1107 3459 1162 3506 quoe
1174 3445 1199 3493 in

138 3544 204 3591 seqq.
219 3539 243 3574 st
255 3527 342 3590 Polyb.
355 3526 431 3584 VIII,
446 3527 491 3586 363
509 3525 645 3584 Strab.VI,
684 3529 760 3581 portu
774 3517 843 3581 (scil.
858 3516 992 3582 incipiens)
1007 3532 1099 3582 procer
1110 3525 1200 3573 moenia

138 3609 168 3666 3,
180 3624 205 3654 n.
223 3622 313 3670 1,pag,
328 3607 393 3666 2783
408 3606 514 3669 Appian,
525 3605 551 3652 h,
561 3607 644 3652 Hann,
690 3597 785 3645 urbana
792 3598 829 3646 ad
835 3614 903 3646 mare
912 3609 929 3644 t.
940 3600 1115 3648 astronomo.
1123 3605 1200 3653 Portu

139 3688 171 3742 34
191 3686 279 3751 (cujus
291 3685 397 3732 namatio
410 3685 536 3747 paululum
551 3684 645 3731 diversa
688 3675 776 3740 legitur
789 3678 814 3725 h.
826 3677 847 3724 l.
859 3677 884 3722 in
896 3677 996 3739 optimis
1004 3677 1067 3725 Mss
1081 3690 1105 3727 st
1108 3696 1202 3744 praeter

137 3776 173 3813 sst
183 3775 208 3810 et
217 3761 359 3826 corrupta),
369 3763 442 3810 etsil.
451 3764 513 3820 IIII,
530 3764 580 3818 434
590 3779 644 3825 sqq.
689 3757 780 3806 moenia
801 3757 836 3803 sio
851 3756 926 3814 VIII,
947 3757 978 3814 83
996 3757 1151 3822 XXXVIII,
1174 3767 1199 3817 3,

137 3871 171 3880 --
178 3842 285 3890 Punicas.
295 3842 358 3888 enim
366 3857 480 3888 naveserc
487 3841 572 3888 Sicilia
581 3840 646 3888 acci·
690 3838 739 3887 Sed
743 3851 791 3899 per
802 3833 908 3881 mediam
919 3834 1001 3881 mbem
1010 3835 1083 3884 etiam
1093 3841 1200 3907 Appian.

137 3936 188 3980 tas,
201 3933 249 3970 etc.
263 3921 381 3985 Polybius
394 3920 463 3967 nudis
474 3919 528 3967 fieri
540 3920 589 3967 hoo
602 3935 647 3984 per
692 3917 832 3984 expressit:
851 3909 1054 3984 Ieoqipouitlhs,
1068 3917 1084 3972 n
1098 3914 1143 3974 διὰ
1158 3926 1200 3994 μέ.

140 4021 167 4051 so
179 4015 288 4066 tempora
298 4015 349 4046 non
359 3999 474 4063 potuisse.
488 4001 534 4046 En.
562 4039 565 4045 .
691 4008 735 4055 ont
749 3998 793 4051 nte
807 3994 899 4052 mittet
913 3993 992 4063 ἔφερεν
1010 3995 1060 4048 ἀπὸ
1076 4004 1124 4051 τῶν
1135 4007 1200 4074 λιμέ-

174 4084 197 4130 8.
214 4081 274 4139 Via,
288 4094 343 4144 quoe
352 4077 376 4126 in
382 4077 648 4142 portumpsrmsdiam
688 4094 736 4135 ,νων
747 4073 788 4125 ἐπὶ
798 4073 931 4177 τὴνὲότιον
945 4074 1080 4129 θάλασσαν.
