2768 4574
182 303 306 410 tte:
422 322 578 392 ursan
608 320 727 388 xxv.
754 320 859 389 cle.
876 323 951 389 xi.
1022 404 1027 415 ‚
1171 345 1219 420 29
1253 383 1255 386 ,
1287 338 1289 342 >

157 446 329 544 operibus
350 442 628 542 expugnabilem
647 465 746 527 esse3
771 465 819 511 ne
844 453 904 511 aut
931 464 969 512 se
993 440 1113 537 ipsum
1133 465 1219 512 cura

157 556 285 627 tuendi
305 555 518 626 Tarentinos
535 577 555 622 a
574 547 771 645 majoribus
789 546 898 620 rebus
916 563 1137 638 moraretur,
1156 563 1220 627 aut

157 669 195 737 in
209 668 355 739 relictos
365 667 442 738 sine
452 662 571 735 valido
584 659 750 760 praesidio
760 661 973 730 Tarentinos
986 660 1165 758 impetum.
1174 687 1220 732 ex

158 801 258 865 arce,
273 800 388 874 quum
398 774 552 861 vellent,
566 771 721 842 Romani
734 766 910 857 facerent,
922 770 1015 841 vallo
1030 769 1160 842 urbem
1173 771 1220 844 ab

81 980 88 985 ἢ
158 911 239 959 arce
256 886 470 982 intersepire
481 884 606 955 statuit
618 910 626 952 :
639 906 715 952 non
729 881 806 951 sine
825 881 932 951 etiam
947 904 1026 978 spe,
1039 905 1122 952 cum
1137 906 1220 988 pro-

157 995 370 1069 hibentibus
387 1019 481 1092 opus
501 994 672 1064 Romanis
689 1015 839 1062 manum
860 1014 966 1087 posse
987 993 1146 1079 conseri,
1162 1007 1220 1082 et,

159 1109 190 1180 si
209 1106 365 1178 ferocius
379 1105 711 1202 procucurrissent,
725 1126 856 1200 magna
869 1101 964 1172 caede
980 1103 1030 1171 ita
1043 1105 1222 1174 attenuari

159 1217 314 1317 praesidii
327 1216 433 1302 vires,
446 1230 487 1285 ut
502 1211 603 1285 facile
617 1237 683 1311 per
697 1236 734 1284 se
750 1214 819 1310 ipsi
832 1213 1016 1283 Tarentini
1028 1210 1159 1284 urbem
1176 1213 1222 1284 ab

158 1327 202 1397 iis
220 1326 313 1397 tueri
330 1338 487 1422 possent.
505 1322 578 1394 Ubi
592 1337 754 1420 coeptum
773 1347 865 1420 opus
880 1337 951 1413 est,
970 1321 1146 1420 patefacta
1165 1349 1222 1398 re-

159 1451 269 1534 pente
282 1450 400 1535 porta,
416 1437 455 1506 in
466 1435 674 1506 munientes
686 1435 863 1531 impetum
873 1433 1037 1506 fecerunt
1051 1437 1223 1526 Romani;

159 1547 319 1645 pellique
343 1571 380 1618 se
403 1546 508 1618 statio
530 1569 633 1643 passa
653 1558 724 1631 est,
747 1569 827 1640 quae
844 1569 912 1642 pro
926 1568 1036 1642 opere
1051 1556 1163 1643 erat²‚
1181 1561 1225 1618 ut

160 1680 326 1728 successu
340 1670 516 1728 cresceret
527 1655 687 1741 audacia,
700 1655 896 1753 pluresque
906 1670 942 1726 et
951 1656 1093 1752 longius
1100 1657 1224 1754 pulsos

160 1782 476 1867 persequerentur.
489 1769 580 1836 Tum
598 1766 700 1863 signo
720 1764 804 1837 dato
819 1767 934 1837 coorti
946 1764 1108 1863 undique
1121 1770 1224 1876 Poeni

161 1896 267 1967 sunt,
283 1903 377 1977 quos
395 1880 589 1950 instructos
607 1876 738 1948 adhoc
756 1876 936 1948 Hannibal
951 1891 1139 1967 tenuerat3
1157 1903 1226 1951 nec

162 1992 337 2063 sustinere
358 1991 534 2086 impetum
559 1989 733 2076 Romani,
758 1987 821 2059 sed
845 1987 890 2061 ab
910 1986 1024 2060 effusa
1045 1985 1129 2086 luga
1153 1989 1224 2060 loci

163 2102 334 2197 angustiae
348 2124 427 2189 eos,
441 2098 686 2197 impeditaque
704 2097 772 2169 alia
786 2123 897 2196 opere
907 2099 983 2195 jam
997 2113 1138 2198 coepto,
1158 2100 1226 2173 alia
1269 2107 1272 2110 ⁴

163 2224 336 2308 apparatu
352 2211 491 2307 operis,
507 2208 754 2281 morabantur.
769 2209 915 2281 Plurimi
934 2211 972 2279 in
985 2207 1115 2280 fossam
1135 2234 1225 2307 prac-

161 2321 378 2418 cipitavere‚
403 2320 584 2416 occisique
607 2333 691 2390 sunt
714 2320 836 2418 plures
861 2321 899 2390 in
922 2317 1026 2416 fuga,
1055 2345 1166 2416 quam
1187 2317 1226 2392 in

162 2453 293 2528 pugna.
316 2430 407 2502 lude
429 2444 465 2502 et
487 2455 580 2530 opus
596 2430 698 2502 nullo
718 2429 936 2529 prohibente
955 2429 1034 2502 fieri
1050 2444 1233 2529 coeptum..

163 2544 272 2613 Fossa
291 2542 419 2639 ingens
443 2540 574 2630 ducta,
593 2555 629 2612 et
649 2541 784 2612 vallum
808 2543 901 2611 intra
924 2537 1025 2610 eam³
1050 2543 1199 2639 erigitur
1217 2571 1227 2615 s

162 2649 381 2749 modicoque
401 2666 483 2749 post
506 2652 695 2723 intervallo
718 2647 863 2722 murum
884 2653 992 2723 etiam
1019 2652 1146 2744 eadem
1168 2678 1228 2725 ree
1329 2660 1331 2667 '

164 2761 270 2857 gione
291 2760 422 2833 addere
446 2777 564 2860 parat,
584 2777 625 2833 ut
645 2762 796 2836 velsine
813 2761 977 2859 praesidio
997 2763 1091 2833 tueri
1105 2787 1143 2835 se
1164 2763 1227 2834 ad·

165 2891 289 2943 versus
314 2876 495 2944 Romanos
522 2887 682 2970 possent.
712 2872 870 2969 Reliquit
896 2885 1017 2940 tamen
1043 2871 1226 2943 modicum

166 3066 214 3116 qua
231 3062 300 3116 parte
316 3067 369 3100 eam
383 3066 449 3099 mare
466 3051 547 3110 alluit,
564 3052 676 3117 praalais
718 3054 745 3104 la
758 3049 970 3121 perseveremus
981 3065 1032 3115 est,
1044 3057 1099 3103 vice
1110 3061 1234 3106 versaur?

164 3130 276 3195 ¹rupibus,
292 3132 356 3178 etab
365 3132 424 3178 urbe
432 3147 514 3189 muro,
528 3143 575 3180 etc.
716 3133 774 3181 laem
786 3133 817 3180 ab
831 3132 968 3180 Hannibale
978 3133 1095 3180 munitam
1111 3133 1227 3183 adversus

201 3226 226 3257 a.
242 3210 302 3272 Qua
314 3228 363 3275 pro
383 3227 455 3276 opere
472 3223 538 3268 erat,
561 3211 593 3258 ad
611 3227 675 3277 opus
718 3230 798 3261 arcem
816 3213 892 3272 fossa,
913 3229 993 3260 arcem
1012 3223 1150 3276 spectante,
1172 3224 1197 3262 et
1212 3231 1228 3262 a

167 3289 285 3349 tuendum
298 3289 429 3355 disposita;
438 3292 512 3338 Doer.
523 3317 559 3327 -
571 3291 676 3354 Impedi-
719 3303 789 3357 parte
805 3291 873 3340 urbis
889 3292 968 3340 valida
981 3291 1119 3340 munitione
1130 3308 1174 3340 seu
1185 3309 1228 3357 ag-

76 3400 78 3404 *
168 3379 242 3432 taque
249 3368 311 3426 alia,
318 3370 373 3418 scil.
380 3370 448 3429 loom
457 3371 507 3416 vid.
517 3370 676 3427 1x,43‚n.o.
719 3386 775 3434 gere
785 3387 841 3418 cum
850 3372 928 3429 vallo,
939 3372 981 3435 qui
990 3370 1054 3418 muri
1059 3371 1135 3419 instar
1141 3372 1227 3432 fuerit,

204 3448 228 3494 3.
246 3449 322 3496 Fossa
339 3451 422 3514 ingens
434 3451 523 3508 ducta,
545 3449 678 3497 etvallum
719 3462 754 3497 ao¹
764 3461 879 3514 praeterea
901 3462 984 3507 muro,
1006 3465 1020 3496 e
1038 3451 1138 3513 regione
1156 3451 1231 3500 fossa

168 3525 269 3590 erigitur
283 3527 349 3574 intra
368 3530 487 3577 eam-scil.
501 3529 677 3588 munitionem,
719 3541 851 3577 exstructo.
860 3530 926 3576 Hinc
935 3529 1030 3576 vallum
1039 3527 1106 3575 iutra
1114 3530 1228 3577 eamscil.

169 3619 223 3666 quae
244 3607 309 3661 inter
326 3608 415 3655 fossam
435 3620 458 3656 et
477 3623 574 3656 murum
592 3622 677 3656 versus
718 3609 807 3656 fossam
814 3607 930 3655 eturbem
938 3623 1064 3654 morumve
1072 3623 1165 3656 novum
1172 3609 1228 3660 fuit.

169 3682 254 3730 urbem
265 3685 339 3744 facta3
352 3686 443 3736 Duker.
455 3690 518 3750 Quae
525 3689 584 3736 dura
595 3700 632 3736 ost
645 3687 678 3735 el·
719 3688 805 3736 Malim
817 3697 898 3733 tamen
911 3687 990 3747 legere
1004 3687 1099 3734 vallum
1118 3687 1142 3734 in
1163 3699 1228 3734 terra

169 3761 238 3827 lipsio
260 3774 284 3810 et
304 3765 330 3812 b.
354 3766 371 3812 l.
393 3782 478 3830 parum
498 3779 562 3832 apta.
584 3767 677 3816 Confer
720 3778 789 3814 eruta
808 3765 877 3832 (scil.
891 3779 922 3812 ex
935 3763 1011 3822 fossa,
1032 3775 1056 3812 et
1070 3761 1098 3812 in
1116 3781 1227 3830 aggerem

171 3843 335 3907 Polybvnt,
357 3846 403 3905 35,
421 3846 452 3893 al.
470 3848 516 3905 aa,
534 3847 577 3911 qui
591 3846 677 3904 docet,
720 3843 841 3908 formata)
857 3842 964 3908 eligiur.
982 3870 1017 3880 -
1036 3845 1129 3892 Dulreri
1145 3857 1230 3893 notam

170 3933 333 3971 arcemantea
344 3924 375 3978 ab
388 3925 448 3972 urbe
460 3938 596 3989 separatam*
605 3927 677 3974 fuisse
720 3925 786 3973 haud
797 3923 885 3971 merito
897 3922 1039 3986 impugnare
1049 3923 1123 3970 nobis
1133 3923 1230 3972 videtur

171 4002 247 4061 fossa,
268 4019 322 4066 quae
340 4019 353 4049 a
371 4011 440 4065 parte
457 4006 537 4063 urbis}
556 4017 677 4064 otmaro,
721 4002 831 4066 Ruperti,
846 4018 921 4065 quum
933 4002 999 4049 nulla
1012 4002 1045 4049 sit
1058 4002 1121 4048 dura
1132 4003 1230 4066 ellr‘pr'ss

171 4082 216 4144 qui
232 4098 248 4129 a
264 4093 333 4146 parta
352 4082 419 4130 arcio
432 4084 519 4145 tuerit,
534 4100 601 4136 nuuc
619 4100 680 4132 vero
721 4074 815 4130 Dukeri
824 4083 897 4131 rerba
904 4082 1000 4147 integra
1008 4092 1080 4130 sunt:
1089 4082 1178 4144 «quod
1189 4083 1230 4131 bio
