2768 4574
154 270 287 372 >¹·⁰·²¹⁰.·
353 284 511 359 LIBER
539 288 678 362 xxvi
706 290 814 357 aar.
842 291 1021 358 xxxiv.
1133 287 1198 362 183

138 428 175 482 et
194 417 335 499 omnia,
359 434 443 509 quce
465 407 541 479 solo
568 434 642 479 non
672 396 952 499 continerentur,
980 414 1199 504 restituenda

138 537 357 594 censuerunt
386 522 549 591 dominis.
587 523 792 619 Campanos
825 547 966 610 omnes,
989 524 1198 612 Atellanos,

142 631 340 721 Calatinos,
354 632 564 717 Sabatinos,
580 647 684 701 entra
697 657 811 729 qnam
822 637 888 728 qui
899 656 1039 720 eorum,
1055 651 1122 704 aut
1134 640 1204 732 ipsi

137 757 205 813 aut
216 759 390 841 parentes
408 767 549 829 eorum,
574 743 678 839 apud
696 742 813 813 hostes
831 759 962 830 essent,
982 743 1111 816 liberos
1129 770 1204 816 esse

134 853 340 948 jusserunt,
360 859 410 922 ita
426 868 468 922 at
478 876 584 921 nemo
598 865 722 922 eorum
736 857 819 922 civis
836 863 1008 923 romanus
1023 870 1090 924 aut
1101 853 1207 924 latini

138 969 293 1034 nominis
310 977 422 1032 esset:
437 985 524 1031 nere
540 967 621 1058 quis
640 987 781 1048 eornm,
801 967 867 1059 qni
886 964 1022 1059 Capuae
1027 965 1202 1053 sia'ssent,

138 1073 226 1143 dam
231 1089 355 1171 portae
368 1072 503 1142 claustr
519 1088 650 1158 essent,
668 1078 705 1142 in
718 1072 807 1143 urbe
816 1097 946 1169 agrove
960 1099 1139 1170 campano
1152 1081 1204 1144 in·

138 1199 193 1252 tra
210 1199 342 1253 certam
356 1183 451 1252 diem
465 1197 635 1252 maneret.
647 1187 778 1269 Locus,
793 1180 858 1251 nbi
869 1182 1090 1270 habitarent,
1107 1199 1205 1274 trans

142 1294 298 1364 Tiberim
306 1291 332 1382 ³,
349 1301 415 1391 qni
430 1319 503 1364 non
520 1298 739 1391 contingeret
754 1293 928 1382 Tiberim,
948 1294 1117 1364 daretur..
1132 1297 1208 1385 Qui

138 1429 203 1474 nec
220 1407 373 1502 Capuae,
393 1429 458 1475 nec
472 1411 509 1474 in
528 1404 617 1475 urbe
634 1430 833 1502 campana,
854 1429 938 1502 qnae
956 1405 1126 1502 apopulo
1147 1429 1205 1474 ro·

137 1542 247 1586 mano
262 1518 459 1610 defecisset,
464 1541 538 1614 per
551 1514 683 1585 bellum
682 1517 857 1606 fuissent,
870 1541 930 1586 eos
942 1520 992 1585 cis
1002 1519 1113 1585 Lirim
1128 1540 1204 1584 am-

137 1652 219 1697 nem
231 1633 385 1699 Romam
396 1653 540 1714 versus,
553 1633 619 1724 qni
627 1627 868 1697 adRomanos
883 1621 1093 1697 transissent
1098 1619 1205 1724 prius

136 1763 248 1834 qaam
258 1738 453 1809 Hannibal
461 1732 625 1836 Capuam
642 1744 796 1824 veniret,
814 1743 863 1808 cis
879 1741 917 1806 V
911 1736 1095 1807 altianum
1109 1762 1204 1806 emo-

137 1849 267 1918 vendos
278 1860 510 1919 censuerunt.
521 1849 672 1942 Nefiqm's
686 1872 810 1918 eorum
817 1854 973 1945 propius
988 1843 1089 1919 mare
1099 1854 1203 1945 quin·
1233 1908 1236 1915 .

136 1959 252 2031 decim
269 1957 426 2027 millibus
434 1981 615 2053 passuum
631 1980 759 2051 agrum
782 1957 1021 2052 aedificiumve
1042 1957 1201 2028 haberat.

141 2068 216 2157 Qui
223 2092 345 2136 eoram
357 2083 455 2136 trans
468 2065 624 2136 Tiberim
637 2071 747 2134 emoti
756 2081 883 2152 essent,
899 2092 946 2136 ne
958 2072 1028 2163 ipsi
1025 2073 1205 2164 posterive

32 2172 35 2177 ⁴
137 2201 261 2263 eorum
284 2183 426 2274 uspiam
435 2191 618 2274 pararent
641 2171 857 2245 haberentve
866 2177 892 2262 4,
916 2181 988 2275 nisi
1007 2182 1044 2246 in
1064 2182 1206 2247 veiente

137 2304 203 2357 ant
213 2294 350 2358 sutrina
361 2292 573 2385 nepesinove
584 2310 693 2381 agro,-
706 2284 793 2355 dnm
810 2311 856 2355 ne
873 2292 934 2355 cui
946 2287 1073 2381 major,
1091 2311 1204 2382 qaam

136 2402 400 2493 qninquaginta
412 2398 604 2491 jugerum,
623 2401 705 2492 agri
720 2395 849 2466 modus
871 2412 968 2467 esset.
989 2399 1203 2467 Senatorum
1232 2444 1239 2463 ,

137 2514 312 2594 omnium,
327 2513 462 2604 quique
473 2512 702 2603 magistratus
720 2505 1030 2603 Capace,Atellae,
1052 2505 1203 2577 Calatia

133 2622 334 2707 gessissent,
354 2617 451 2687 bana
469 2622 594 2687 uenire
611 2619 747 2714 Capua
764 2616 961 2711 jusserunt.
984 2615 1115 2688 Libera
1131 2631 1204 2686 cor-

137 2860 238 2908 magnus
249 2861 338 2893 census
348 2858 411 2904 erat,
421 2863 583 2906 truncorum,
592 2848 647 2911 qui-
693 2849 723 2909 3,
738 2864 762 2896 n.
775 2848 799 2894 Β.
814 2872 849 2884 --
862 2847 961 2895 Liberos
972 2863 1022 2895 esse
1029 2844 1156 2912 jussitsEx
1165 2848 1205 2895 his

136 2925 182 2971 hu'a
193 2925 306 2988 exiguus,
316 2924 414 2988 videtur
426 2927 560 2991 scripturus
573 2927 647 2974 fuisse
691 2926 772 2973 verbis
787 2937 811 2974 et
823 2926 854 2973 iia
869 2943 923 2989 quae
936 2937 1079 2990 sequuntur,
1088 2937 1155 2991 patet
1164 2927 1203 2974 Li-

136 3020 243 3060 summa,
255 3004 281 3051 id
295 3014 345 3062 est,
358 3003 541 3067 magnitudinum
553 3006 646 3052 Duker.
691 3006 771 3061 vium,
781 3005 839 3051 dum
849 3005 946 3068 scripsit
956 3021 1029 3069 supra
1039 3021 1093 3070 cap.
1104 3007 1135 3052 16
1144 3006 1204 3054 mul.

135 3085 234 3130 Samma
246 3094 284 3131 est
297 3082 540 3146 multitudo,„turba,
553 3095 581 3133 ut
591 3101 646 3132 sen·
688 3083 820 3131 titudinem
827 3083 919 3131 civium
926 3095 1099 3148 campanorum
1106 3101 1205 3132 venum-

136 3179 177 3212 sus
186 3163 233 3212 sit:
248 3162 335 3226 reliqui
346 3162 476 3226 Campani,
489 3162 516 3209 in
527 3178 590 3225 quos
600 3164 646 3210 ain·
691 3162 785 3222 datam,
797 3162 874 3227 magia
887 3154 1039 3233 ostendisse,
1052 3162 1112 3227 quid
1125 3165 1204 3214 facere

136 3244 206 3306 gulos
224 3258 275 3289 non
292 3243 416 3290 decretum
432 3253 498 3302 erat,
512 3242 647 3290 secundum
691 3242 827 3290 decreverit
835 3243 951 3301 Flaccus,
961 3258 1034 3305 quam
1041 3242 1102 3306 quid
1110 3244 1202 3292 feeerit.

136 3338 222 3369 census
233 3314 314 3385 puniti
329 3333 398 3382 sunt,
411 3320 546 3369 secundum
561 3336 647 3368 census
664 3342 666 3346 ·
691 3323 716 3368 Is
733 3337 821 3386 nempe
834 3322 938 3382 jusserat
951 3321 1089 3385 Campanos
1103 3338 1203 3371 venum-
1278 3364 1284 3375 x

137 3399 168 3447 de
177 3401 206 3446 iia
217 3412 334 3449 statutum
343 3412 392 3463 est3
405 3401 463 3448 Ern.
474 3403 541 3448 Inter
550 3415 647 3447 omnem
692 3399 758 3459 dari3
771 3411 796 3447 at
816 3417 842 3449 re
857 3401 885 3448 in
898 3401 947 3448 hoc
964 3409 1060 3463 tempus
1079 3411 1203 3456 extracta,

136 3489 278 3527 caeterorum
303 3481 483 3543 Campanorum
509 3478 647 3526 multitudi·
691 3489 787 3527 senatus
808 3480 859 3540 ejus
881 3478 1034 3528 decretorum
1051 3480 1203 3526 severitatem

136 3573 193 3604 nem
206 3558 336 3605 discrimen
352 3560 424 3606 etiam
442 3559 553 3606 iecerunt
568 3557 648 3612 habiti
690 3557 737 3604 hac
749 3557 850 3620 quidem
862 3557 889 3604 in
905 3568 974 3622 poste
989 3557 1126 3621 mitigavit3
1139 3558 1203 3612 ¹sicut

137 3635 168 3699 (i)
179 3652 277 3694 census,
290 3637 323 3686 ita
337 3648 367 3685 ut
382 3637 517 3686 secundum
530 3653 573 3684 eoa
588 3653 648 3684 con·
692 3637 820 3686 Creveriua
831 3636 966 3684 adnotavit.
981 3639 1027 3684 En.

136 3715 283 3774 stitueretur,
290 3714 443 3777 publicanda
452 3731 525 3763 necne
538 3717 603 3763 bona
612 3732 658 3763 es··
729 3716 854 3781 Selinous,
868 3712 910 3761 tbi
919 3714 1072 3772 habitarent,
1086 3725 1154 3762 trans
1165 3717 1204 3764 Ti-

136 3805 203 3851 sent‚⁴
216 3794 333 3847 Doru—
344 3795 445 3852 Omnia,
457 3812 512 3858 quoe
524 3795 576 3843 solo
590 3811 648 3842 corr·
693 3793 780 3850 berim,
798 3804 846 3840 ete.
860 3793 932 3843 conf.
948 3793 980 3840 ad
993 3795 1069 3852 VIII,
1083 3801 1127 3852 14,
1140 3812 1166 3843 u.
1176 3796 1202 3844 6.

137 3873 277 3928 cinerentur,
285 3871 357 3931 aedes,
363 3888 443 3936 agros,
448 3873 534 3921 hortos
542 3873 647 3938 aliaque,
689 3900 726 3911 -
737 3876 787 3920 Per
795 3873 897 3930 beilum,⁸
908 3873 959 3920 vid.
972 3875 1013 3931 11,
1030 3873 1077 3932 18,
1088 3889 1113 3920 n.
1125 3889 1148 3923 1.

137 3969 190 4017 quae
202 3952 277 4014 vulgo
296 3950 429 3998 immobilia
445 3952 510 3998 bona
523 3952 646 4001 dicuntur.
727 3961 751 4008 4.
764 3955 888 3999 Pararent
900 3951 1055 4010 haberentve,
1070 3968 1105 4001 tc·
1119 3969 1202 4016 agrum

137 4059 168 4073 υ-
186 4033 267 4080 Extra
279 4046 366 4093 quam,
381 4029 497 4092 qui5vid.
508 4030 540 4080 ad
553 4032 646 4095 ΠΗ,
692 4029 859 4082 aedificiumve.
