2768 4574
182 295 301 404 liat
375 317 467 383 utu.
492 317 630 382 xxix.
658 318 759 384 cnr.
783 318 882 384 xiv.
907 319 985 385 xv.
1050 290 1058 305 '
1134 316 1204 412 473

157 437 236 508 illus
253 436 393 535 aprilis3
417 438 518 534 isque
539 436 614 507 dies
632 434 742 506 festus
764 433 843 505 fuit.
860 437 1018 532 Populus
1039 436 1207 535 frequens

156 547 252 618 (lona
271 553 355 618 Deae
374 548 411 617 in
428 544 600 616 Palatium
621 545 716 633 tulit,
736 545 1068 642 lectisterniumque
1084 565 1119 619 et
1134 549 1210 623 ludi

156 656 274 743 luere,
286 656 499 754 Megalesia⁹
515 654 699 754 appellata.

203 772 277 838 XV.
296 770 416 857 Quum
430 766 474 837 de
490 767 741 863 supplemento
758 763 964 861 legionum,
980 790 1059 860 quae
1074 768 1109 835 in
1124 791 1209 863 pro·

155 878 279 948 vinciis
304 891 424 964 erant,
457 890 640 972 ageretur3
669 891 805 971 tempus
830 898 920 960 esse,
948 873 1205 969 aquibusdam

154 985 380 1055 senatoribus
401 981 602 1078 subjectum
621 999 673 1055 est
686 995 712 1072 ¹,
731 1009 815 1080 quse
836 983 954 1053 dubiis
976 989 1012 1052 in
1034 984 1139 1054 rebus
1158 1005 1210 1056 ut·

154 1119 306 1192 cumque
319 1094 469 1164 tolerata
483 1111 606 1181 essent,
621 1120 676 1179 eu,
689 1095 832 1190 dempto
837 1095 921 1189 jam
938 1094 1082 1164 tandem
1099 1095 1207 1168 deum

155 1203 370 1298 benignitate
382 1219 493 1288 metu,
504 1229 577 1273 non
592 1202 783 1300 ultrupati.
794 1205 931 1274 Erectis
945 1205 1208 1301 exspectatione

153 1312 337 1400 Patribus,
364 1311 620 1406 subjecerunt:
643 1311 802 1383 colonius
822 1312 977 1384 latinas²
1000 1314 1205 1401 duodecim,

152 1447 238 1518 quse
258 1426 302 1514 Q.
312 1422 428 1492 Fabio
443 1438 479 1493 et
495 1426 540 1514 Q.
551 1422 676 1492 Fulvio
695 1420 900 1493 consulibus
917 1424 1126 1495 abnuissent
1143 1431 1207 1494 rni-

154 1533 229 1603 lrtes
244 1533 349 1618 dure,
367 1557 428 1602 eus
444 1557 581 1602 annum
592 1535 677 1627 jam
684 1536 807 1624 ferme
821 1549 961 1602 sextum
980 1541 1206 1604 vacationem

154 1634 305 1728 militiae,
316 1647 424 1739 quasi
431 1643 576 1712 bononis
587 1657 622 1711 et
630 1642 794 1737 beneficii
803 1666 925 1727 causa,
935 1641 1205 1738 bubere;quurn

154 1757 293 1839 interim
314 1752 401 1821 boni
416 1751 691 1847 obedientesque
710 1757 815 1836 socii,
825 1776 899 1847 pro
912 1750 998 1846 fide
1015 1767 1124 1848 atque
1142 1752 1205 1823 ob-

152 1867 276 1958 sequio
297 1866 333 1930 in
342 1860 523 1957 populum
539 1885 750 1946 romanum,
768 1866 942 1930 continuis
961 1867 1123 1930 omnium
1138 1888 1206 1930 en-

153 1995 280 2039 norum
303 1969 494 2040 delectibus
516 1969 687 2039 exhausti
707 1985 829 2040 essent.
850 1969 925 2039 Sub
943 1966 1063 2039 honc³
1083 1990 1207 2039 vocem

75 2131 80 2145 .
153 2101 226 2145 non
243 2079 415 2147 memoria
433 2079 544 2174 magis
562 2077 725 2149 Patribus
743 2093 913 2148 renovata
930 2080 982 2149 rei
1001 2103 1115 2176 prope
1132 2079 1206 2173 jam

187 2272 212 2318 9.
220 2255 284 2303 Ludi
286 2254 371 2321 sisere,
388 2255 519 2321 Megalesia
532 2257 656 2320 appellata
700 2257 824 2314 additum,
838 2257 975 2315 monitum,
993 2256 1096 2304 aliorum
1113 2268 1209 2305 senten-

153 2334 219 2396 (vide
232 2335 263 2382 sd
277 2337 313 2391 11,
330 2350 376 2394 αι,
394 2352 418 2383 n.
433 2351 460 2394 1;
474 2337 594 2392 XXXIV,
609 2337 654 2393 54,
700 2336 740 2383 tiis
756 2336 891 2397 adjectum,
909 2348 938 2386 ut
948 2338 1059 2395 XXXV,
1077 2345 1124 2395 14,
1142 2353 1167 2385 n.
1179 2339 1207 2394 3,

154 2429 180 2460 n.
191 2429 224 2471 ας
242 2415 367 2472 XXXVI,
379 2415 426 2472 36,
440 2431 465 2463 n.
480 2415 510 2472 3;
525 2414 556 2461 nd
567 2416 655 2462 Juveu.
699 2415 738 2462 vel
748 2416 830 2479 potius
838 2416 953 2481 subjicere
961 2416 1094 2475 dicitur-,ut
1102 2412 1209 2467 tentat.-

151 2492 203 2548 vt,
218 2492 265 2553 69,
283 2503 307 2540 et
317 2495 375 2542 Tac.
389 2496 454 2541 Anu.
468 2494 519 2550 111,
529 2493 559 2551 6,
575 2510 600 2540 u.
612 2493 656 2557 9),
670 2548 672 2553 ,
701 2500 758 2549 λειν,
772 2511 818 2561 pro
829 2511 956 2559 suggerere
967 2507 991 2543 et
1000 2496 1154 2560 suppeditare
1167 2495 1209 2542 ali-

147 2569 230 2631 pridie
254 2570 308 2617 idus
337 2571 436 2635 aprilis,
463 2572 525 2619 forte
553 2571 658 2635 apriles,·
702 2573 741 2620 cui
750 2574 850 2621 consilia
859 2575 978 2632 salubria,
993 2590 1096 2637 quorum
1109 2590 1160 2620 non
1173 2590 1209 2621 rs·

154 2646 226 2694 Drak.
236 2648 328 2696 Nostro
339 2648 395 2696 loco
408 2666 459 2696 non
471 2660 588 2714 repugnat
596 2650 657 2696 alius
702 2651 834 2710 cordetur,
853 2651 939 2699 horum
958 2653 1026 2698 illum
1045 2652 1208 2700 commonefe-

151 2725 272 2782 XXXIV,
293 2726 341 2783 54,
360 2727 403 2772 ubi
420 2727 470 2776 vid.
489 2739 541 2775 not.
562 2744 587 2775 α.
609 2728 657 2776 Sed
702 2746 765 2777 cere.
774 2729 845 2778 Conf.
854 2729 919 2787 adl,
932 2730 1044 2790 59,n.7.

150 2802 195 2848 hos
204 2802 276 2849 ludos
285 2820 329 2866 per
340 2820 382 2850 sex
394 2805 458 2862 dies,
468 2821 482 2851 e
491 2805 571 2869 pridie
580 2822 657 2854 nones
736 2823 760 2856 n.
776 2807 888 2855 Calenius
902 2806 992 2854 latinas
1002 2805 1142 2862 duodecim,
1158 2818 1214 2854 etc.-

150 2881 232 2943 nprilis
245 2882 277 2928 sd
289 2883 313 2928 V
325 2882 380 2929 idus
391 2883 475 2941 luisse,
492 2885 548 2931 fasti
563 2896 655 2932 veteres
698 2886 794 2934 vidend
806 2888 919 2944 XXVII,
934 2901 965 2948 9,
978 2901 1004 2932 n.
1017 2885 1203 2933 10.Curautem

151 2959 315 3007 demonstrent
324 2975 330 3009 :
339 2961 405 3008 unde
418 2961 490 3009 ludos
501 2972 584 3027 postes
594 2964 654 3022 reje·
699 2965 783 3012 latine
800 2964 971 3027 appellantur?
994 2984 1006 3004 ιι
1027 2965 1058 3010 Iu
1075 2963 1205 3012 latinarum

150 3049 203 3084 ctos
218 3039 290 3086 luisse
304 3039 329 3085 in
342 3040 423 3103 pridie
436 3057 525 3097 nonas,
540 3052 581 3088 ant
594 3040 619 3089 h.
636 3041 654 3088 l.
698 3054 763 3090 certe
782 3042 931 3089 coloniarum
947 3057 1048 3088 numero
1064 3058 1103 3088 eas
1118 3042 1206 3102 fuisse,

150 3116 197 3181 leg.
210 3133 261 3164 esse
272 3118 354 3181 pridie
368 3134 446 3164 nonas
459 3119 558 3181 aprilis,
576 3119 654 3183 suspi-
698 3120 796 3168 aliunde
805 3136 856 3167 nou
864 3131 969 3178 constan
982 3120 1072 3168 latinas
1084 3137 1141 3168 vero
1154 3121 1205 3169 dici

151 3196 249 3243 rebatur
257 3199 351 3244 Menut.
362 3197 394 3243 ad
403 3196 454 3245 Cic.
462 3196 493 3244 ad
501 3198 558 3244 Div.
568 3199 602 3254 ΙΙ,
615 3211 653 3243 11.
698 3215 783 3263 posse,
798 3197 854 3261 quis
864 3198 890 3244 in
901 3199 970 3246 Latio
981 3199 1033 3246 sitae
1046 3211 1126 3258 erant,
1135 3200 1205 3249 valde

150 3276 220 3321 lianc
231 3275 421 3323 emendationem
432 3276 538 3339 probent
547 3275 617 3338 Pigh.
627 3277 653 3321 in
699 3277 811 3324 dubitare
823 3276 887 3324 lieet.
897 3299 909 3318 ν
924 3279 1006 3340 Heyn.
1023 3280 1114 3341 Opusc.
1128 3279 1205 3326 Acsd.

149 3356 216 3401 Anu.
228 3355 260 3401 nd
269 3371 290 3402 a.
303 3356 367 3416 549,
384 3371 409 3418 p.
424 3353 488 3411 216,
499 3354 614 3417 Neapolis
623 3354 655 3400 sd
699 3364 718 3400 t.
729 3357 779 3413 111,
791 3371 815 3418 p.
828 3370 869 3417 9⁰·
878 3381 912 3391 -
924 3355 1041 3419 Obsequio
1053 3354 1077 3402 in
1085 3357 1204 3419 populum

149 3433 223 3480 Ovid.
238 3436 299 3481 itast.
312 3436 356 3491 IV,
368 3449 415 3494 ¹79
425 3449 460 3495 sq.
474 3443 498 3479 et
511 3430 613 3480 (lasaub.
623 3432 654 3479 ad
698 3440 758 3480 rom.
769 3434 838 3480 Hanc
848 3433 1053 3497 lectiouern,quae
1063 3435 1150 3498 procul
1162 3434 1205 3482 du·

149 3512 228 3571 Spart.
237 3512 351 3560 Caracoll.
363 3527 386 3571 7.
398 3511 444 3558 Sed
454 3510 516 3558 diem
528 3511 591 3558 forte
601 3524 654 3557 mn·
698 3509 740 3557 bio
759 3511 821 3559 Livii
839 3522 891 3568 est,
915 3512 1008 3575 recepit
1027 3513 1154 3561 Creverius
1173 3530 1204 3562 ex

149 3597 226 3633 tatum
238 3588 330 3647 fnisse,
342 3590 410 3653 quod
422 3590 449 3637 in
461 3588 539 3653 pridie
555 3589 589 3636 id.
602 3605 655 3652 apr.
698 3592 805 3637 Puteano
815 3589 958 3652 codice‚qui
968 3589 1041 3637 hebet
1050 3591 1075 3637 in
1083 3608 1111 3654 p.
1122 3608 1142 3640 r.
1152 3609 1203 3640 non

149 3665 280 3712 inciderim
300 3667 418 3725 Cerealia,
440 3679 465 3715 et
491 3684 573 3715 omnes
592 3669 655 3715 Mss
699 3668 804 3731 imperii,
827 3668 951 3731 quomodo
979 3669 1122 3726 Salmasius,
1143 3682 1206 3720 teste
1244 3714 1247 3719 .

148 3744 175 3789 in
186 3759 270 3791 vocem
283 3743 336 3790 idus
349 3747 504 3810 conspirare,
522 3763 600 3811 neque
616 3747 655 3792 Li·
699 3749 788 3804 Gron,
797 3757 929 3794 notaverat.
939 3747 1005 3809 QuIn
1014 3748 1139 3797 contendit
1150 3751 1201 3798 vul·

96 3870 102 3880 ,
149 3822 213 3868 vium
226 3821 314 3868 dixisse
326 3822 392 3885 isque
406 3824 456 3870 dies
460 3826 540 3888 festus
553 3837 599 3882 est,
612 3824 655 3871 sed
698 3837 775 3888 getam
789 3826 902 3888 obsequio
916 3825 1010 3890 imperii
1022 3842 1081 3872 rom.
1099 3829 1203 3890 aprobe

141 3899 206 3964 jirit,
221 3912 303 3948 monet
316 3901 391 3947 Drnlt.
697 3905 815 3952 latinitate
832 3905 931 3951 alienam
953 3920 1016 3958 esse,
1037 3906 1203 3954 consentiente

184 3980 243 4027 Cir.
254 3981 309 4025 XV.
328 3994 348 4024 1.
364 3980 389 4024 A
403 3978 545 4041 quibusdam
559 3993 654 4027 senato·
698 3982 772 4028 Druk.
785 3984 830 4028 Eu.

149 4057 355 4122 ribussubjectum
371 4067 417 4111 est,
443 4056 531 4103 deinde
547 4058 652 4118 dictum,
735 4059 1200 4119 turritanensem,-vid.11‚55,n.r.
1271 4080 1273 4088 ·
