2768 4574
181 325 305 431 titt:
380 314 478 408 Lis.
504 339 623 406 xxv.
647 333 753 403 cir.
776 337 928 405 xviri.
952 340 1061 407 xix.
1164 340 1206 415 51

155 466 297 537 duobus
307 460 517 533 exercitibus
527 457 765 545 audientibus,
778 448 998 531 renuntiare⁵
1009 462 1212 560 hospitium.

156 575 263 648 Nihil
271 574 342 644 sibi
355 594 435 641 cum
453 596 494 639 eo
509 574 768 655 consociatum,
785 567 877 637 nihil
879 569 1103 658 foederatum
1122 573 1217 644 hosti

156 711 238 756 cum
257 685 375 769 hoste,
396 684 496 776 cujus
510 685 674 777 patriam
698 702 741 746 ac
748 693 902 774 penates
911 679 1078 776 publicos
1088 690 1214 779 priva·

156 791 301 893 tosque⁶
314 805 561 890 oppugnatum
575 793 738 859 uenisset.
754 791 793 856 Si
802 792 862 855 uir
874 803 977 874 esset,
992 792 1217 885 congredere·

157 922 223 977 tur.
240 906 313 974 Diu
334 914 565 972 cunctantem
587 898 791 993 Crispinum
815 896 1007 992 perpulere
1026 901 1220 992 turmales,

158 1039 204 1085 ne
216 1016 364 1109 impune
379 1010 552 1079 insultare
564 1012 786 1103 Campanum
801 1019 993 1102 pateretur.
1006 1012 1131 1105 ltaque
1145 1026 1220 1082 tan·

130 1200 134 1207 ,
158 1137 236 1193 tum
256 1115 437 1204 moratus,
458 1118 544 1188 dum
570 1112 801 1214 imperatores
824 1115 1046 1200 consuleret,
1072 1123 1222 1216 permit·

159 1246 326 1303 terentne
345 1228 414 1299 sibi
435 1242 535 1299 extra
557 1227 720 1298 ordinem
744 1227 781 1295 in
802 1241 1056 1325 provocantem
1069 1229 1222 1302 ‘hostem

159 1365 334 1442 pugnare,
345 1341 523 1437 permissu
536 1362 661 1410 eorum
676 1361 774 1406 arma
789 1336 896 1431 cepit,
912 1361 1123 1435 equumque
1138 1365 1223 1412 con.

161 1450 318 1535 scendit,
340 1465 375 1520 et
391 1449 542 1520 Badium
553 1503 563 1537 ,
584 1449 730 1518 nomine
746 1446 983 1542 compellans,
1000 1448 1045 1518 ad
1065 1473 1224 1546 pugnam

163 1552 334 1634 evocavit.
361 1559 468 1631 Nulla
493 1583 594 1629 mora
617 1582 636 1626 a
658 1561 842 1652 Campano
867 1555 958 1626 facta
983 1571 1064 1627 est:
1087 1558 1225 1632 infestis

104 1663 106 1668 ¹
162 1662 881 1769 equis⁷concurrerunt.Crispinussupra
890 1680 1031 1755 scutum
1041 1668 1226 1741 sinistrum

158 1783 355 1852 ‘humerum
376 1770 603 1850 Badiohasta
623 1774 820 1861 transfixit,
837 1798 1018 1871 superque
1038 1776 1225 1874 delapsum

163 1895 246 1964 curn
262 1891 409 1961 vulnere
426 1916 469 1961 ex
485 1915 580 1986 equo
595 1888 756 1975 desiluit,
773 1878 813 1957 ut
828 1887 935 1985 pedes
946 1891 1125 1984 jacentem
1144 1917 1228 1992 con·
1296 1899 1298 1907 '

123 2006 128 2017 “
164 2001 300 2074 ficeret.
318 2001 463 2087 Badius,
486 2003 586 2098 prius
602 2025 709 2096 quam
729 2001 1013 2096 opprimeretur,
1033 2025 1156 2099 parma
1173 2018 1225 2073 at-

167 2136 238 2208 que
249 2135 345 2207 equo
359 2110 502 2194 relicte,
522 2108 566 2181 ad
584 2134 667 2179 suos
681 2107 827 2203 arrfugit.
844 2111 1054 2206 Crispinus,
1069 2136 1225 2208 equum,

165 2247 336 2318 armaque
351 2237 469 2319 capta,
489 2236 525 2292 et
542 2235 727 2305 cruentam
740 2220 925 2316 cuspidem
941 2222 1090 2318 insignis
1104 2224 1227 2321 spoliis

166 2347 369 2418 ostentans,
390 2356 471 2402 cum
486 2321 614 2427 magna
631 2329 736 2399 laude
752 2343 787 2398 et
801 2330 1038 2424 gratulatione
1053 2332 1226 2424 militum,

166 2441 211 2511 ad
228 2441 395 2514 consules
413 2455 465 2510 est
481 2440 676 2528 deductus,
695 2438 931 2536 laudatusque
947 2438 998 2537 ibi
1018 2442 1225 2539 magnifice,

168 2565 203 2622 et
219 2550 324 2642 donis
343 2551 507 2621 donatus.
1230 2611 1232 2615 Α

215 2664 311 2729 ΧΙΧ.
332 2659 506 2729 Hannibal
528 2685 570 2730 ex
589 2648 673 2756 agro
692 2658 946 2731 beneventano
968 2676 1082 2732 castra
1098 2658 1226 2735 ad‘Ca-

169 2792 411 2865 puamquum
434 2773 621 2856 movisset,
646 2773 753 2840 tertio
778 2786 858 2869 post
880 2770 956 2852 die,
976 2797 1085 2869 quam
1108 2776 1227 2864 venit,

170 2879 290 2974 copias
310 2879 347 2946 in
365 2880 474 2948 aciem
496 2880 638 2968 eduxit3
657 2880 938 2976 haudquaquam
957 2881 1109 2970 dubius,
1129 2883 1230 2980 quod
1309 2870 1312 2879 ¹

171 2989 377 3086 Campanis,
389 2986 536 3060 absente
548 3016 601 3075 se,
616 3015 749 3088 paucos
759 3005 841 3059 ante
855 2988 931 3061 dies
941 2992 1097 3063 secunda
1106 2991 1230 3065 fuisset

207 3193 231 3239 5.
246 3193 334 3239 Palam
355 3186 449 3239 dicebas
473 3190 617 3239 exercitibus
640 3209 684 3238 art·
726 3191 756 3239 ab
770 3193 843 3240 altera
856 3193 941 3241 itidem
951 3211 1059 3258 prouno
1072 3198 1180 3246 exercitu
1193 3199 1233 3249 Isr-

172 3271 303 3332 dieutibus,
315 3271 454 3318 renuntiare
463 3270 606 3335 hospitium
617 3270 681 3319 conf.
725 3271 778 3318 heri
793 3270 877 3336 posse,
891 3272 952 3320 bene
968 3283 1050 3321 munet
1066 3277 1131 3325 Duk.
1147 3305 1182 3313 —
1196 3280 1234 3330 De

171 3352 298 3408 XXXVI,
314 3352 342 3408 33
356 3352 482 3407 XXVIII,
497 3352 538 3408 313
547 3351 630 3407 XLII,
640 3349 683 3402 25,
727 3352 911 3400 renunciatione
925 3353 1049 3409 amicitiae,
1062 3354 1100 3400 vel
1113 3354 1231 3421 hospitii,

172 3440 197 3477 et
209 3430 240 3475 ad
253 3430 309 3476 Tae.
323 3432 389 3476 Ann.
404 3432 443 3487 II,
456 3442 504 3489 70,
516 3446 540 3476 n.
554 3429 577 3476 3.
590 3429 679 3475 Palam
724 3429 780 3476 vide
792 3432 858 3495 apud
871 3430 978 3495 Lipsium
986 3431 1016 3478 ad
1027 3432 1083 3478 Tae.
1093 3435 1182 3484 Annal.
1192 3440 1232 3499 11,

166 3507 290 3561 abundat,
306 3519 332 3555 ut
346 3501 413 3572 apud
427 3509 505 3556 Cicer.
513 3509 583 3554 Verr.
591 3509 623 3564 V,
637 3506 678 3555 26.
726 3524 773 3568 70:
784 3511 892 3571 quaedam
903 3510 975 3557 etiam
986 3509 1155 3561 videndarum
1165 3517 1232 3581 apud

172 3586 278 3634 Ducibus
293 3603 339 3648 pro
354 3586 445 3633 duobus
459 3589 523 3647 conj.
537 3591 588 3634 Jac.
603 3588 680 3635 (ἕπου.
725 3589 852 3651 sigonium
869 3589 899 3635 ad
915 3588 968 3635 Liv.
983 3591 1064 3647 XLII,
1080 3592 1125 3657 25„
1137 3591 1182 3642 Ea,
1197 3623 1232 3632 -

174 3665 230 3729 quia
242 3665 383 3723 Claudiani,
396 3666 517 3722 Fulviani,
532 3667 642 3730 campani
653 3681 680 3713 ae
727 3667 910 3720 Consociotum,·
924 3668 955 3714 cf.
965 3668 1061 3725 XXIV,
1073 3679 1119 3729 24,
1132 3689 1157 3719 n.
1165 3689 1189 3723 2.

174 3743 258 3807 punici
271 3744 390 3791 exereitus
403 3744 532 3791 adfuerint.
552 3750 622 3792 Forte
637 3760 682 3808 pro
761 3747 785 3793 6.
808 3749 911 3791 Penates
928 3745 1039 3808 publicos
1057 3749 1233 3817 privatosque,-

174 3822 266 3868 duobus
275 3823 321 3884 leg.
330 3822 447 3878 omnibus,
456 3824 524 3886 quod
533 3835 588 3887 post
594 3824 683 3887 palam
727 3825 782 3872 vide
794 3826 823 3871 ad
838 3826 888 3881 III,
901 3840 939 3881 17,
952 3841 978 3872 n.
988 3833 1012 3881 4.
1149 3888 1151 3894 λ

114 3954 116 3959 ,
174 3893 293 3962 adjiciunt
311 3902 367 3948 edd.
386 3913 441 3949 ante
458 3903 533 3949 Drak.
555 3903 602 3949 Sed
622 3903 683 3951 duos
764 3902 893 3969 7.Irrfestr's
904 3904 970 3966 equis
981 3894 1168 3967 concurrerem
1179 3912 1235 3962 vide

131 3975 134 3980 ’
174 3997 289 4027 romanos
306 3981 428 4027 exereitus
445 3981 475 4028 ab
494 3998 542 4028 una
558 3993 626 4045 parte
640 3999 685 4046 pro
730 3982 759 4030 ad
772 3985 800 4041 1,
816 3984 858 4040 13,
872 4001 896 4030 n.
906 3985 1129 4054 a.-Corrfieeret,·
1139 3991 1189 4041 vid.
1200 3996 1235 4052 II,

176 4076 238 4121 uuo,
255 4073 279 4108 et
300 4063 451 4124 Campanum
468 4061 586 4109 immixtis
605 4061 686 4110 Poenis
732 4069 776 4124 to,
788 4080 812 4112 n.
823 4064 1108 4129 8.-Armuquecapta,
1118 4086 1235 4133 parmam.

1020 4155 1058 4234 d.
