2768 4574
180 308 309 412 agat,
347 329 435 395 nm.
462 329 645 398 xxvru.
672 306 783 398 cae
802 331 924 400 xvu.
951 333 1094 402 xvru.
1142 325 1211 431 373

161 450 289 543 exiguo
303 446 536 536 dirimuntur,
555 447 690 545 positis.
703 451 854 546 Dignam
868 451 988 547 itaque
1002 478 1078 524 rem
1092 457 1210 552 Scipio

159 573 275 644 ratim,
295 583 394 653 quaa,
414 560 585 654 quoniam
601 583 674 627 non
694 559 796 630 aliter
810 575 951 656 posset,
969 587 1100 660 magno
1115 566 1210 662 peri-

159 667 241 737 culo
266 683 467 764 peteretur,
485 673 522 738 L.
535 669 669 738 Marcio
682 673 902 758 Tarracone,
924 675 973 739 Μ.
988 671 1108 742 Silano
1125 679 1210 745 Car·

158 775 302 874 thagine
323 781 442 863 Nova,
462 803 537 875 quo
563 776 716 873 pedibus
741 777 785 848 ab
799 783 996 849 Tarracone
1022 780 1211 853 itineribus

159 888 294 984 magnis
319 888 407 957 ierat
417 883 443 975 5,
469 872 740 983 ad'praesidium
759 888 935 984 Hispaniae
955 888 1109 978 relictis,
1135 891 1210 986 ipse
1280 933 1283 939 ·

159 1021 242 1066 cum
266 1001 306 1067 C.
325 997 432 1066 Laelio
446 995 586 1071 duabus
602 995 923 1092 quinqueremibus
937 994 982 1066 ab
997 997 1210 1094 Carthagine

159 1096 339 1202 profectus
353 1105 547 1202 tranquillo
562 1106 651 1175 mari
669 1105 864 1203 plurimum
883 1107 1007 1195 remis,
1027 1105 1211 1178 interdum

158 1231 194 1286 et
208 1217 280 1286 leni
294 1215 484 1309 adjuvante
502 1229 627 1302 vent0,
647 1216 685 1283 in
701 1213 854 1285 Africam
873 1216 1023 1310 trajecit.
1038 1221 1145 1285 Forte
1163 1216 1212 1286 ita

156 1326 300 1412 incidit,
322 1339 361 1395 ut
382 1350 425 1395 eo
448 1327 526 1421 ipso
550 1340 712 1421 tempore
725 1324 925 1395 Hasdrubal
945 1325 1070 1420 pulsus
1084 1326 1211 1422 Hispa·
1303 1340 1306 1344 ’

157 1435 233 1518 nia,
252 1448 388 1530 septem
405 1432 609 1504 triremibus
625 1448 771 1530 portum
788 1435 968 1522 invectus,
985 1434 1124 1504 ancoris
1142 1457 1211 1530 po·
1299 1452 1301 1457 ’

157 1544 232 1612 sitis
256 1559 357 1613 terrae
385 1544 579 1640 applicaret
605 1567 734 1632 naves,
761 1568 875 1639 quum
904 1557 1104 1639 conspectae
1131 1542 1210 1613 duae

156 1650 436 1748 quinqueremes
461 1652 558 1722 haud
582 1654 751 1748 cuiquam
774 1653 887 1725 dubio
896 1650 923 1742 ⁶,
943 1656 1032 1749 quin
1053 1653 1212 1723 hostiurn

156 1762 293 1849 essent,
319 1763 547 1859 opprimique
566 1787 586 1832 a
609 1763 787 1859 pluribus,
811 1764 910 1858 prius
932 1787 1041 1860 quam
1063 1778 1211 1859 portum

156 1872 349 1958 intrarent,
375 1886 538 1968 possent,
563 1870 654 1941 nihil
678 1871 793 1959 aliud,
819 1897 928 1968 quam
950 1871 1148 1941 tumultum
1170 1897 1210 1943 ac

136 1980 432 2076 ,trepidationem
452 1980 557 2050 simul
570 1980 735 2049 ‘militum
758 2005 800 2066 ac
825 1994 1034 2068 nautarum,
1057 1981 1212 2078 nequid·

157 2112 264 2184 quam
282 2113 451 2185 armaque
466 2102 502 2158 et
515 2090 623 2159 naves
639 2088 926 2184 expedientium,
943 2087 1118 2160 fecerunt.
1133 2096 1212 2162 Per-

157 2221 257 2268 cussa
285 2199 380 2269 enim
409 2223 452 2269 ex
479 2198 551 2267 alto
578 2196 656 2267 vela
685 2196 793 2293 paulo
823 2197 951 2270 acriori
975 2211 1083 2267 vento
1110 2199 1210 2294 prius

156 2307 193 2376 in
210 2323 355 2404 portum
372 2308 572 2379 intulerunt
591 2308 889 2403 quinqueremes,
909 2332 1019 2405 quam
1033 2300 1136 2379 Poeni
1152 2334 1211 2378 an-

156 2441 255 2489 coras
281 2419 536 2506 molirentur73
563 2442 631 2488 nec
655 2417 748 2487 ultra
772 2417 968 2502 tumultum
994 2419 1086 2489 ciere
1111 2419 1209 2514 quis-

155 2552 264 2622 quam
278 2529 315 2597 in
330 2530 427 2625 regio
443 2544 552 2625 portu
571 2527 737 2599 audebat.
760 2533 886 2624 Itaque
905 2531 1003 2625 prior
1022 2529 1208 2598 interram

156 2634 375 2726 Hasdrubal,
397 2663 483 2707 mox
502 2639 621 2733 Scipio
645 2651 681 2707 et
703 2636 829 2708 Laelius
847 2639 994 2734 egressi,
1020 2637 1065 2706 ad
1089 2662 1210 2734 regem

156 2758 321 2840 pergunt.
1178 2808 1183 2817 .

203 2857 330 2924 XVIII.
351 2855 652 2950 Magnificumque
667 2853 705 2924 id
722 2852 875 2949 Syphaci
890 2851 977 2948 (nec
996 2865 1073 2922 erat
1087 2848 1209 2943 aliter)

155 2965 287 3050 visum,
307 2963 464 3034 duorum
485 2964 840 3061 opulentissimorum
855 2987 894 3033 ea
912 2974 1123 3060 tempestate
1143 2959 1208 3030 du·

192 3191 216 3239 5.
237 3191 289 3252 Qua
302 3189 406 3253 pedibus
427 3190 459 3237 ab
479 3191 655 3237 Tarracone...
704 3208 731 3241 n.
747 3191 772 3254 5,
794 3202 818 3239 et
837 3193 921 3253 XXV,
944 3207 984 3250 11,
998 3208 1025 3242 n.
1044 3207 1084 3240 10.
1102 3219 1137 3227 -
1158 3192 1210 3238 Nec

157 3269 237 3325 t‘erat,·
250 3269 306 3317 vide
316 3268 347 3316 ad
355 3271 441 3328 ml,
453 3270 482 3317 31
492 3304 500 3328 ,
509 3286 535 3316 n.
546 3277 570 3325 4.
578 3296 614 3306 -
622 3271 662 3318 Ab
706 3271 769 3318 ultra
779 3272 904 3319 mmultum
914 3271 987 3328 ciere,
998 3272 1053 3320 h.e.
1062 3262 1211 3334 nortperto,

158 3345 303 3412 Carthagine
316 3347 440 3412 profectus
450 3383 458 3407 ,
481 3349 613 3397 ete.'eonf.
632 3349 663 3397 ad
704 3365 757 3397 non
774 3349 873 3399 diutius.
894 3350 959 3399 Ciere
976 3366 990 3398 e
1007 3351 1062 3397 Pnt.
1077 3366 1124 3414 pro
1141 3349 1211 3413 vulg.

157 3425 222 3488 Epit.
233 3429 355 3476 xxvttl.
705 3428 775 3475 edere
787 3428 879 3492 recepit
895 3429 972 3476 Gron.
985 3429 1065 3492 Agere
1077 3428 1130 3492 qais
1144 3427 1213 3491 qaid·

193 3504 217 3550 6.
229 3505 426 3570 Haudeaiquam
436 3506 523 3565 dubio,
536 3522 611 3570 quum
619 3522 662 3554 ne·
706 3523 780 3570 quam
797 3507 890 3556 emend,
906 3507 985 3555 Rhen.
998 3507 1051 3553 Nea
1067 3506 1118 3555 vim
1125 3505 1214 3572 faeere

157 3581 218 3628 mini
230 3581 330 3630 dubium
345 3597 415 3634 esset.
429 3585 521 3641 Dubio,
539 3585 591 3632 scil.
605 3596 659 3634 ente
704 3597 749 3632 aar
757 3586 884 3634 tumultum
895 3585 957 3632 ciere
966 3584 1031 3644 conj.
1041 3585 1118 3632 Gron.
1128 3584 1213 3632 Malim

157 3674 199 3706 seu
209 3659 347 3708 exelstente.
360 3663 431 3711 Conf.
440 3663 515 3710 Drak.
525 3663 557 3710 ad
565 3666 610 3725 IV,
619 3671 662 3729 47,
705 3674 731 3710 et
740 3662 778 3712 ra'l
789 3665 854 3711 ultra
869 3664 995 3710 tumultum
1012 3661 1074 3710 erere
1091 3663 1129 3709 vel
1143 3663 1213 3710 edere

149 3753 183 3786 n.
198 3754 221 3798 7,
240 3749 264 3785 et
284 3739 361 3786 Periz.
379 3740 410 3788 ad
428 3741 520 3788 sanctii
540 3741 603 3789 Min.
618 3744 662 3801 IV,
705 3739 768 3807 (non
782 3741 832 3789 vim
847 3757 944 3805 quoque
957 3740 1098 3804 praeliumve
1111 3741 1213 3807 faeere),

159 3823 186 3874 4,
207 3818 249 3863 28.
272 3818 349 3864 Hand
364 3835 487 3882 quoquam
506 3819 592 3878 dabie,
611 3822 660 3870 le.
705 3815 733 3868 ut
747 3820 821 3884 paulo
835 3817 1077 3876 antetnilailaliud‚
1092 3831 1213 3882 quarata·
1304 3836 1307 3841 ’

158 3894 297 3953 dubitante,
309 3896 413 3945 malebat
421 3899 480 3945 Ant.
489 3898 566 3946 Periz.
705 3899 806 3946 maltum
825 3913 856 3944 aa
874 3895 1076 3960 trepidationem,
1091 3895 1212 3962 jecerunt.

195 3991 218 4034 7.
233 3976 312 4036 Quam
320 3975 389 4022 Poeni
398 3992 502 4024 ancoras
512 3977 660 4034 molirentur,
706 3978 825 4026 Caeterum
837 3977 966 4023 Poenorum
979 3991 1068 4033 naves,
1085 3974 1164 4023 inscio
1177 3991 1213 4022 re·

159 4053 287 4113 tollerent,
299 4065 326 4102 ut
337 4071 391 4118 rap.
403 4054 445 4101 36.
458 4055 495 4103 cf.
510 4055 540 4102 ad
551 4057 603 4113 VI,
618 4071 663 4114 11,
706 4070 744 4118 ge,
751 4055 872 4103 hostiliter
878 4054 1011 4104 occurrisse
1018 4052 1135 4118 Scipioni,
1145 4053 1213 4101 bunc
