<?xml version="1.0" encoding="UTF-8"?>
<!DOCTYPE html PUBLIC "-//W3C//DTD XHTML 1.0 Transitional//EN"
    "http://www.w3.org/TR/xhtml1/DTD/xhtml1-transitional.dtd">
<html xmlns="http://www.w3.org/1999/xhtml" xml:lang="en" lang="en">
 <head>
  <title>
</title>
<meta http-equiv="Content-Type" content="text/html;charset=utf-8" />
  <meta name='ocr-system' content='tesseract 3.04.00' />
  <meta name='ocr-capabilities' content='ocr_page ocr_carea ocr_par ocr_line ocrx_word'/>
</head>
<body>
  <div class='ocr_page' id='page_1' title='image "./titusliviuspata04freigoog_0507.png"; bbox 0 0 2768 4574; ppageno 0'>
   <div class='ocr_carea' id='block_1_1' title="bbox 110 322 1343 3200">
    <p class='ocr_par' dir='ltr' id='par_1_1' title="bbox 110 322 1343 3200">
     <span class='ocr_line' id='line_1_1' title="bbox 200 322 1230 431; baseline -0.009 -1"><span class='ocrx_word' id='word_1_1' title='bbox 200 345 269 430; x_wconf 74' lang='lat'>504</span> <span class='ocrx_word' id='word_1_2' title='bbox 630 347 669 412; x_wconf 76' lang='lat' dir='ltr'>a.</span> <span class='ocrx_word' id='word_1_3' title='bbox 700 347 837 414; x_wconf 81' lang='lat' dir='ltr'>mvn</span> <span class='ocrx_word' id='word_1_4' title='bbox 1107 322 1230 431; x_wconf 63' lang='lat' dir='ltr'>llll:</span> 
     </span>
     <span class='ocr_line' id='line_1_2' title="bbox 198 464 1257 564; baseline -0.002 -27"><span class='ocrx_word' id='word_1_5' title='bbox 198 469 283 564; x_wconf 88' lang='lat' dir='ltr'>gulo</span> <span class='ocrx_word' id='word_1_6' title='bbox 308 467 352 536; x_wconf 89' lang='lat' dir='ltr'>ad</span> <span class='ocrx_word' id='word_1_7' title='bbox 372 466 554 562; x_wconf 86' lang='lat' dir='ltr'><strong>Thapsum</strong></span> <span class='ocrx_word' id='word_1_8' title='bbox 584 467 749 536; x_wconf 86' lang='lat' dir='ltr'>occurrit.</span> <span class='ocrx_word' id='word_1_9' title='bbox 771 464 967 561; x_wconf 84' lang='lat' dir='ltr'>Trepidam</span> <span class='ocrx_word' id='word_1_10' title='bbox 985 488 1113 559; x_wconf 84' lang='lat' dir='ltr'>agmen</span> <span class='ocrx_word' id='word_1_11' title='bbox 1141 490 1257 560; x_wconf 92' lang='lat' dir='ltr'>quum</span> 
     </span>
     <span class='ocr_line' id='line_1_3' title="bbox 197 565 1343 671; baseline -0.003 -25"><span class='ocrx_word' id='word_1_12' title='bbox 197 580 236 647; x_wconf 92' lang='lat' dir='ltr'>in</span> <span class='ocrx_word' id='word_1_13' title='bbox 252 575 380 647; x_wconf 89' lang='lat' dir='ltr'>urbem</span> <span class='ocrx_word' id='word_1_14' title='bbox 399 574 605 671; x_wconf 82' lang='lat' dir='ltr'><strong>refugisset,</strong></span> <span class='ocrx_word' id='word_1_15' title='bbox 630 572 758 644; x_wconf 90' lang='lat' dir='ltr'>urbem</span> <span class='ocrx_word' id='word_1_16' title='bbox 775 575 961 644; x_wconf 86' lang='lat' dir='ltr'>Masinissa</span> <span class='ocrx_word' id='word_1_17' title='bbox 980 575 1098 670; x_wconf 91' lang='lat' dir='ltr'>primo</span> <span class='ocrx_word' id='word_1_18' title='bbox 1116 575 1256 670; x_wconf 89' lang='lat' dir='ltr'>impetu</span> <span class='ocrx_word' id='word_1_19' title='bbox 1339 565 1343 573; x_wconf 64' lang='grc'>’</span> 
     </span>
     <span class='ocr_line' id='line_1_4' title="bbox 198 682 1255 783; baseline -0.006 -25"><span class='ocrx_word' id='word_1_20' title='bbox 198 689 316 783; x_wconf 91' lang='lat' dir='ltr'>capit:</span> <span class='ocrx_word' id='word_1_21' title='bbox 335 712 380 757; x_wconf 85' lang='lat' dir='ltr'>ex</span> <span class='ocrx_word' id='word_1_22' title='bbox 403 687 508 782; x_wconf 88' lang='lat' dir='ltr'>regiis</span> <span class='ocrx_word' id='word_1_23' title='bbox 528 684 615 754; x_wconf 88' lang='lat' dir='ltr'>alios</span> <span class='ocrx_word' id='word_1_24' title='bbox 637 684 819 755; x_wconf 85' lang='lat' dir='ltr'>tradentes</span> <span class='ocrx_word' id='word_1_25' title='bbox 842 709 879 754; x_wconf 92' lang='lat' dir='ltr'>se</span> <span class='ocrx_word' id='word_1_26' title='bbox 899 685 1042 781; x_wconf 86' lang='lat' dir='ltr'>recipit,</span> <span class='ocrx_word' id='word_1_27' title='bbox 1073 682 1160 754; x_wconf 86' lang='lat' dir='ltr'>alios</span> <span class='ocrx_word' id='word_1_28' title='bbox 1181 685 1255 753; x_wconf 91' lang='lat' dir='ltr'>vim</span> 
     </span>
     <span class='ocr_line' id='line_1_5' title="bbox 196 795 1258 894; baseline -0.004 -27"><span class='ocrx_word' id='word_1_29' title='bbox 196 812 363 894; x_wconf 86' lang='lat' dir='ltr'>parantes</span> <span class='ocrx_word' id='word_1_30' title='bbox 382 796 522 866; x_wconf 90' lang='lat' dir='ltr'>occidit.</span> <span class='ocrx_word' id='word_1_31' title='bbox 548 799 630 864; x_wconf 91' lang='lat' dir='ltr'>Pars</span> <span class='ocrx_word' id='word_1_32' title='bbox 648 795 800 864; x_wconf 87' lang='lat' dir='ltr'>maxima</span> <span class='ocrx_word' id='word_1_33' title='bbox 826 818 908 864; x_wconf 90' lang='lat' dir='ltr'>cum</span> <span class='ocrx_word' id='word_1_34' title='bbox 927 795 1007 890; x_wconf 91' lang='lat' dir='ltr'>ipso</span> <span class='ocrx_word' id='word_1_35' title='bbox 1026 818 1140 891; x_wconf 91' lang='lat' dir='ltr'>puero</span> <span class='ocrx_word' id='word_1_36' title='bbox 1161 796 1258 865; x_wconf 88' lang='lat' dir='ltr'>inter</span> 
     </span>
     <span class='ocr_line' id='line_1_6' title="bbox 197 903 1256 1000; baseline -0.002 -25"><span class='ocrx_word' id='word_1_37' title='bbox 197 906 392 975; x_wconf 88' lang='lat' dir='ltr'>tumultum</span> <span class='ocrx_word' id='word_1_38' title='bbox 422 904 466 974; x_wconf 91' lang='lat' dir='ltr'>ad</span> <span class='ocrx_word' id='word_1_39' title='bbox 495 903 714 1000; x_wconf 83' lang='lat' dir='ltr'>Syphacem,</span> <span class='ocrx_word' id='word_1_40' title='bbox 737 928 811 999; x_wconf 93' lang='lat' dir='ltr'>quo</span> <span class='ocrx_word' id='word_1_41' title='bbox 837 905 995 1000; x_wconf 90' lang='lat' dir='ltr'>primum</span> <span class='ocrx_word' id='word_1_42' title='bbox 1024 903 1256 975; x_wconf 84' lang='lat' dir='ltr'>intenderant</span> 
     </span>
     <span class='ocr_line' id='line_1_7' title="bbox 194 1012 1254 1112; baseline -0.001 -28"><span class='ocrx_word' id='word_1_43' title='bbox 194 1018 280 1102; x_wconf 93' lang='lat' dir='ltr'>iter,</span> <span class='ocrx_word' id='word_1_44' title='bbox 301 1030 558 1112; x_wconf 87' lang='lat' dir='ltr'>pervenerunt.</span> <span class='ocrx_word' id='word_1_45' title='bbox 580 1019 685 1083; x_wconf 88' lang='lat' dir='ltr'>Fama</span> <span class='ocrx_word' id='word_1_46' title='bbox 707 1013 814 1108; x_wconf 91' lang='lat' dir='ltr'>hujus</span> <span class='ocrx_word' id='word_1_47' title='bbox 833 1012 984 1082; x_wconf 85' lang='lat' dir='ltr'>modicae</span> <span class='ocrx_word' id='word_1_48' title='bbox 1002 1014 1074 1099; x_wconf 92' lang='lat' dir='ltr'>rei,</span> <span class='ocrx_word' id='word_1_49' title='bbox 1094 1015 1133 1083; x_wconf 93' lang='lat' dir='ltr'>in</span> <span class='ocrx_word' id='word_1_50' title='bbox 1154 1015 1254 1110; x_wconf 91' lang='lat' dir='ltr'>prin-</span> 
     </span>
     <span class='ocr_line' id='line_1_8' title="bbox 197 1121 1254 1221; baseline -0.003 -26"><span class='ocrx_word' id='word_1_51' title='bbox 197 1127 291 1221; x_wconf 89' lang='lat' dir='ltr'>cipio</span> <span class='ocrx_word' id='word_1_52' title='bbox 317 1149 439 1195; x_wconf 88' lang='lat' dir='ltr'>rerum</span> <span class='ocrx_word' id='word_1_53' title='bbox 459 1149 632 1221; x_wconf 86' lang='lat' dir='ltr'>prospere</span> <span class='ocrx_word' id='word_1_54' title='bbox 651 1139 755 1211; x_wconf 86' lang='lat' dir='ltr'>actae,</span> <span class='ocrx_word' id='word_1_55' title='bbox 774 1121 1017 1193; x_wconf 88' lang='lat' dir='ltr'>convertit·ad</span> <span class='ocrx_word' id='word_1_56' title='bbox 1033 1124 1254 1194; x_wconf 86' lang='lat' dir='ltr'>Masinissam</span> 
     </span>
     <span class='ocr_line' id='line_1_9' title="bbox 195 1231 1256 1329; baseline -0.004 -23"><span class='ocrx_word' id='word_1_57' title='bbox 195 1233 389 1319; x_wconf 76' lang='lat' dir='ltr'>Numidas,</span> <span class='ocrx_word' id='word_1_58' title='bbox 420 1231 689 1329; x_wconf 87' lang='lat' dir='ltr'>affluebantque</span> <span class='ocrx_word' id='word_1_59' title='bbox 718 1231 881 1327; x_wconf 90' lang='lat' dir='ltr'>undique</span> <span class='ocrx_word' id='word_1_60' title='bbox 908 1257 952 1302; x_wconf 81' lang='lat' dir='ltr'>ex</span> <span class='ocrx_word' id='word_1_61' title='bbox 974 1233 1071 1329; x_wconf 87' lang='lat' dir='ltr'>agris</span> <span class='ocrx_word' id='word_1_62' title='bbox 1097 1232 1256 1327; x_wconf 89' lang='lat' dir='ltr'>vicisque</span> 
     </span>
     <span class='ocr_line' id='line_1_10' title="bbox 194 1340 1256 1436; baseline 0 -24"><span class='ocrx_word' id='word_1_63' title='bbox 194 1361 334 1416; x_wconf 85' lang='lat' dir='ltr'>veteres</span> <span class='ocrx_word' id='word_1_64' title='bbox 354 1344 486 1414; x_wconf 87' lang='lat' dir='ltr'>milites</span> <span class='ocrx_word' id='word_1_65' title='bbox 509 1343 619 1429; x_wconf 82' lang='lat' dir='ltr'>Galae,</span> <span class='ocrx_word' id='word_1_66' title='bbox 641 1358 676 1415; x_wconf 92' lang='lat' dir='ltr'>et</span> <span class='ocrx_word' id='word_1_67' title='bbox 690 1341 888 1412; x_wconf 83' lang='lat' dir='ltr'>invitabant</span> <span class='ocrx_word' id='word_1_68' title='bbox 903 1343 1076 1436; x_wconf 82' lang='lat' dir='ltr'>juvenem</span> <span class='ocrx_word' id='word_1_69' title='bbox 1094 1340 1141 1412; x_wconf 91' lang='lat' dir='ltr'>ad</span> <span class='ocrx_word' id='word_1_70' title='bbox 1157 1365 1256 1412; x_wconf 90' lang='lat' dir='ltr'>recu·</span> 
     </span>
     <span class='ocr_line' id='line_1_11' title="bbox 196 1452 1256 1551; baseline -0.003 -27"><span class='ocrx_word' id='word_1_71' title='bbox 196 1453 395 1551; x_wconf 91' lang='lat' dir='ltr'>perandum</span> <span class='ocrx_word' id='word_1_72' title='bbox 420 1468 612 1550; x_wconf 81' lang='lat' dir='ltr'>paternum</span> <span class='ocrx_word' id='word_1_73' title='bbox 638 1477 803 1550; x_wconf 87' lang='lat' dir='ltr'>regnum.</span> <span class='ocrx_word' id='word_1_74' title='bbox 828 1456 989 1523; x_wconf 89' lang='lat' dir='ltr'>Numero</span> <span class='ocrx_word' id='word_1_75' title='bbox 1014 1452 1169 1522; x_wconf 91' lang='lat' dir='ltr'>militum</span> <span class='ocrx_word' id='word_1_76' title='bbox 1196 1453 1256 1522; x_wconf 91' lang='lat' dir='ltr'>ali·</span> 
     </span>
     <span class='ocr_line' id='line_1_12' title="bbox 110 1562 1255 1665; baseline -0.002 -32"><span class='ocrx_word' id='word_1_77' title='bbox 110 1656 114 1665; x_wconf 42' lang='lat'>,</span> <span class='ocrx_word' id='word_1_78' title='bbox 196 1579 372 1660; x_wconf 90' lang='lat' dir='ltr'>quantum</span> <span class='ocrx_word' id='word_1_79' title='bbox 382 1564 581 1635; x_wconf 89' lang='lat' dir='ltr'>Mezetulus</span> <span class='ocrx_word' id='word_1_80' title='bbox 592 1562 803 1660; x_wconf 88' lang='lat' dir='ltr'>superabat:</span> <span class='ocrx_word' id='word_1_81' title='bbox 819 1587 902 1631; x_wconf 89' lang='lat' dir='ltr'>nam</span> <span class='ocrx_word' id='word_1_82' title='bbox 919 1576 955 1631; x_wconf 91' lang='lat' dir='ltr'>ct</span> <span class='ocrx_word' id='word_1_83' title='bbox 968 1562 1044 1658; x_wconf 91' lang='lat' dir='ltr'>ipse</span> <span class='ocrx_word' id='word_1_84' title='bbox 1056 1586 1139 1632; x_wconf 93' lang='lat' dir='ltr'>eum</span> <span class='ocrx_word' id='word_1_85' title='bbox 1156 1586 1255 1632; x_wconf 85' lang='lat' dir='ltr'>exer-</span> 
     </span>
     <span class='ocr_line' id='line_1_13' title="bbox 196 1673 1256 1770; baseline -0.003 -26"><span class='ocrx_word' id='word_1_86' title='bbox 196 1676 325 1762; x_wconf 90' lang='lat' dir='ltr'>citum,</span> <span class='ocrx_word' id='word_1_87' title='bbox 357 1700 431 1770; x_wconf 87' lang='lat' dir='ltr'>quo</span> <span class='ocrx_word' id='word_1_88' title='bbox 460 1678 636 1770; x_wconf 87' lang='lat' dir='ltr'>Capusam</span> <span class='ocrx_word' id='word_1_89' title='bbox 666 1675 814 1760; x_wconf 87' lang='lat' dir='ltr'>vicerat,</span> <span class='ocrx_word' id='word_1_90' title='bbox 840 1687 943 1742; x_wconf 85' lang='lat' dir='ltr'>etex</span> <span class='ocrx_word' id='word_1_91' title='bbox 970 1673 1150 1768; x_wconf 79' lang='lat' dir='ltr'>receptis²</span> <span class='ocrx_word' id='word_1_92' title='bbox 1173 1685 1256 1767; x_wconf 87' lang='lat' dir='ltr'>post</span> 
     </span>
     <span class='ocr_line' id='line_1_14' title="bbox 196 1781 1254 1880; baseline -0.003 -26"><span class='ocrx_word' id='word_1_93' title='bbox 196 1783 329 1854; x_wconf 87' lang='lat' dir='ltr'>caedem</span> <span class='ocrx_word' id='word_1_94' title='bbox 346 1786 438 1880; x_wconf 87' lang='lat' dir='ltr'>regis</span> <span class='ocrx_word' id='word_1_95' title='bbox 456 1784 594 1880; x_wconf 89' lang='lat' dir='ltr'>aliquot</span> <span class='ocrx_word' id='word_1_96' title='bbox 616 1782 793 1869; x_wconf 72' lang='lat' dir='ltr'>habebat,</span> <span class='ocrx_word' id='word_1_97' title='bbox 809 1797 845 1854; x_wconf 85' lang='lat' dir='ltr'>et</span> <span class='ocrx_word' id='word_1_98' title='bbox 863 1807 954 1880; x_wconf 89' lang='lat' dir='ltr'>puer</span> <span class='ocrx_word' id='word_1_99' title='bbox 972 1786 1186 1852; x_wconf 87' lang='lat' dir='ltr'>Lacumaces</span> <span class='ocrx_word' id='word_1_100' title='bbox 1207 1781 1254 1852; x_wconf 91' lang='lat' dir='ltr'>ab</span> 
     </span>
     <span class='ocr_line' id='line_1_15' title="bbox 196 1890 1256 1991; baseline -0.001 -28"><span class='ocrx_word' id='word_1_101' title='bbox 196 1892 357 1989; x_wconf 89' lang='lat' dir='ltr'>Syphace</span> <span class='ocrx_word' id='word_1_102' title='bbox 369 1893 500 1963; x_wconf 85' lang='lat' dir='ltr'>auxilia</span> <span class='ocrx_word' id='word_1_103' title='bbox 518 1895 677 1991; x_wconf 84' lang='lat' dir='ltr'>ingentia</span> <span class='ocrx_word' id='word_1_104' title='bbox 689 1891 897 1964; x_wconf 86' lang='lat' dir='ltr'>adduxerat.</span> <span class='ocrx_word' id='word_1_105' title='bbox 917 1890 1131 1980; x_wconf 88' lang='lat' dir='ltr'>Quindecim</span> <span class='ocrx_word' id='word_1_106' title='bbox 1145 1891 1256 1962; x_wconf 90' lang='lat' dir='ltr'>millia</span> 
     </span>
     <span class='ocr_line' id='line_1_16' title="bbox 194 2002 1256 2100; baseline 0.001 -28"><span class='ocrx_word' id='word_1_107' title='bbox 194 2002 358 2100; x_wconf 91' lang='lat' dir='ltr'>peditum</span> <span class='ocrx_word' id='word_1_108' title='bbox 373 2004 567 2089; x_wconf 89' lang='lat' dir='ltr'>Mezetulo,</span> <span class='ocrx_word' id='word_1_109' title='bbox 584 2003 709 2074; x_wconf 90' lang='lat' dir='ltr'>decem</span> <span class='ocrx_word' id='word_1_110' title='bbox 724 2004 835 2073; x_wconf 90' lang='lat' dir='ltr'>millia</span> <span class='ocrx_word' id='word_1_111' title='bbox 855 2003 1019 2098; x_wconf 81' lang='lat' dir='ltr'>equitum</span> <span class='ocrx_word' id='word_1_112' title='bbox 1035 2017 1137 2073; x_wconf 88' lang='lat' dir='ltr'>erant</span> <span class='ocrx_word' id='word_1_113' title='bbox 1151 2030 1160 2092; x_wconf 89' lang='lat'>;</span> <span class='ocrx_word' id='word_1_114' title='bbox 1176 2004 1256 2098; x_wconf 91' lang='lat' dir='ltr'>qui·</span> 
     </span>
     <span class='ocr_line' id='line_1_17' title="bbox 197 2111 1258 2210; baseline 0.002 -29"><span class='ocrx_word' id='word_1_115' title='bbox 197 2111 351 2183; x_wconf 92' lang='lat' dir='ltr'>buscum</span> <span class='ocrx_word' id='word_1_116' title='bbox 366 2115 567 2201; x_wconf 80' lang='lat' dir='ltr'>Masinissa,</span> <span class='ocrx_word' id='word_1_117' title='bbox 582 2137 811 2210; x_wconf 89' lang='lat' dir='ltr'>nequaquam</span> <span class='ocrx_word' id='word_1_118' title='bbox 829 2126 969 2182; x_wconf 90' lang='lat' dir='ltr'>tantum</span> <span class='ocrx_word' id='word_1_119' title='bbox 985 2111 1147 2209; x_wconf 89' lang='lat' dir='ltr'>peditum</span> <span class='ocrx_word' id='word_1_120' title='bbox 1160 2114 1258 2209; x_wconf 88' lang='lat' dir='ltr'>equi·</span> 
     </span>
     <span class='ocr_line' id='line_1_18' title="bbox 195 2222 1256 2309; baseline 0.002 -20"><span class='ocrx_word' id='word_1_121' title='bbox 195 2235 320 2292; x_wconf 82' lang='lat' dir='ltr'>tumve</span> <span class='ocrx_word' id='word_1_122' title='bbox 331 2222 494 2309; x_wconf 91' lang='lat' dir='ltr'>hahens,</span> <span class='ocrx_word' id='word_1_123' title='bbox 509 2225 583 2294; x_wconf 88' lang='lat' dir='ltr'>acie</span> <span class='ocrx_word' id='word_1_124' title='bbox 601 2223 771 2295; x_wconf 85' lang='lat' dir='ltr'>conflixit.</span> <span class='ocrx_word' id='word_1_125' title='bbox 790 2224 883 2295; x_wconf 87' lang='lat' dir='ltr'>Vicit</span> <span class='ocrx_word' id='word_1_126' title='bbox 899 2237 1021 2292; x_wconf 91' lang='lat' dir='ltr'>tamen</span> <span class='ocrx_word' id='word_1_127' title='bbox 1040 2237 1076 2294; x_wconf 82' lang='lat' dir='ltr'>et</span> <span class='ocrx_word' id='word_1_128' title='bbox 1091 2237 1256 2294; x_wconf 89' lang='lat' dir='ltr'>veterum</span> 
     </span>
     <span class='ocr_line' id='line_1_19' title="bbox 197 2331 1256 2429; baseline 0.002 -30"><span class='ocrx_word' id='word_1_129' title='bbox 197 2331 351 2399; x_wconf 89' lang='lat' dir='ltr'>militum</span> <span class='ocrx_word' id='word_1_130' title='bbox 369 2332 499 2418; x_wconf 88' lang='lat' dir='ltr'>virtus,</span> <span class='ocrx_word' id='word_1_131' title='bbox 518 2347 554 2401; x_wconf 90' lang='lat' dir='ltr'>et</span> <span class='ocrx_word' id='word_1_132' title='bbox 574 2331 765 2428; x_wconf 90' lang='lat' dir='ltr'>prudentia</span> <span class='ocrx_word' id='word_1_133' title='bbox 787 2333 881 2403; x_wconf 88' lang='lat' dir='ltr'>inter</span> <span class='ocrx_word' id='word_1_134' title='bbox 897 2356 1047 2402; x_wconf 88' lang='lat' dir='ltr'>romana</span> <span class='ocrx_word' id='word_1_135' title='bbox 1068 2346 1104 2402; x_wconf 94' lang='lat' dir='ltr'>et</span> <span class='ocrx_word' id='word_1_136' title='bbox 1124 2332 1256 2429; x_wconf 90' lang='lat' dir='ltr'>punica</span> 
     </span>
     <span class='ocr_line' id='line_1_20' title="bbox 198 2439 1258 2538; baseline 0.003 -30"><span class='ocrx_word' id='word_1_137' title='bbox 198 2461 296 2508; x_wconf 88' lang='lat' dir='ltr'>arma</span> <span class='ocrx_word' id='word_1_138' title='bbox 315 2440 497 2509; x_wconf 87' lang='lat' dir='ltr'>exercitati</span> <span class='ocrx_word' id='word_1_139' title='bbox 514 2439 627 2510; x_wconf 92' lang='lat' dir='ltr'>ducis.</span> <span class='ocrx_word' id='word_1_140' title='bbox 655 2442 814 2538; x_wconf 88' lang='lat' dir='ltr'>Regulus</span> <span class='ocrx_word' id='word_1_141' title='bbox 832 2466 914 2512; x_wconf 94' lang='lat' dir='ltr'>cum</span> <span class='ocrx_word' id='word_1_142' title='bbox 932 2455 1053 2512; x_wconf 87' lang='lat' dir='ltr'>tutore</span> <span class='ocrx_word' id='word_1_143' title='bbox 1071 2454 1108 2513; x_wconf 88' lang='lat' dir='ltr'>et</span> <span class='ocrx_word' id='word_1_144' title='bbox 1128 2441 1258 2537; x_wconf 84' lang='lat' dir='ltr'>exigua</span> 
     </span>
     <span class='ocr_line' id='line_1_21' title="bbox 195 2549 1259 2650; baseline 0.005 -33"><span class='ocrx_word' id='word_1_145' title='bbox 195 2549 459 2644; x_wconf 86' lang='lat' dir='ltr'>Masaesylorum</span> <span class='ocrx_word' id='word_1_146' title='bbox 472 2574 583 2620; x_wconf 89' lang='lat' dir='ltr'>manu</span> <span class='ocrx_word' id='word_1_147' title='bbox 594 2550 632 2619; x_wconf 92' lang='lat' dir='ltr'>in</span> <span class='ocrx_word' id='word_1_148' title='bbox 643 2551 990 2647; x_wconf 85' lang='lat' dir='ltr'>Carthaginiensium</span> <span class='ocrx_word' id='word_1_149' title='bbox 1005 2576 1130 2650; x_wconf 82' lang='lat' dir='ltr'>agium</span> <span class='ocrx_word' id='word_1_150' title='bbox 1141 2550 1259 2648; x_wconf 86' lang='lat' dir='ltr'>perfu-</span> 
     </span>
     <span class='ocr_line' id='line_1_22' title="bbox 196 2660 1257 2759; baseline 0.003 -32"><span class='ocrx_word' id='word_1_151' title='bbox 196 2660 258 2756; x_wconf 91' lang='lat' dir='ltr'>git.</span> <span class='ocrx_word' id='word_1_152' title='bbox 270 2664 324 2728; x_wconf 92' lang='lat' dir='ltr'>Ita</span> <span class='ocrx_word' id='word_1_153' title='bbox 335 2675 548 2756; x_wconf 87' lang='lat' dir='ltr'>recuperato</span> <span class='ocrx_word' id='word_1_154' title='bbox 560 2685 672 2757; x_wconf 87' lang='lat' dir='ltr'>regno</span> <span class='ocrx_word' id='word_1_155' title='bbox 686 2677 857 2758; x_wconf 84' lang='lat' dir='ltr'>paterne,</span> <span class='ocrx_word' id='word_1_156' title='bbox 869 2663 1072 2750; x_wconf 86' lang='lat' dir='ltr'>Masinissa,</span> <span class='ocrx_word' id='word_1_157' title='bbox 1086 2664 1171 2759; x_wconf 90' lang='lat' dir='ltr'>quia</span> <span class='ocrx_word' id='word_1_158' title='bbox 1190 2661 1257 2732; x_wconf 90' lang='lat' dir='ltr'>sibi</span> 
     </span>
     <span class='ocr_line' id='line_1_23' title="bbox 197 2771 1256 2872; baseline 0.002 -32"><span class='ocrx_word' id='word_1_159' title='bbox 197 2771 366 2842; x_wconf 90' lang='lat' dir='ltr'>adversus</span> <span class='ocrx_word' id='word_1_160' title='bbox 385 2773 584 2870; x_wconf 90' lang='lat' dir='ltr'>Syphacem</span> <span class='ocrx_word' id='word_1_161' title='bbox 607 2775 704 2845; x_wconf 91' lang='lat' dir='ltr'>haud</span> <span class='ocrx_word' id='word_1_162' title='bbox 724 2775 833 2872; x_wconf 90' lang='lat' dir='ltr'>paulo</span> <span class='ocrx_word' id='word_1_163' title='bbox 855 2776 1027 2869; x_wconf 86' lang='lat' dir='ltr'>majorem</span> <span class='ocrx_word' id='word_1_164' title='bbox 1047 2787 1181 2844; x_wconf 88' lang='lat' dir='ltr'>restare</span> <span class='ocrx_word' id='word_1_165' title='bbox 1205 2771 1256 2842; x_wconf 91' lang='lat' dir='ltr'>di·</span> 
     </span>
     <span class='ocr_line' id='line_1_24' title="bbox 196 2879 1256 2981; baseline 0.001 -32"><span class='ocrx_word' id='word_1_166' title='bbox 196 2884 425 2953; x_wconf 87' lang='lat' dir='ltr'>micationem</span> <span class='ocrx_word' id='word_1_167' title='bbox 449 2884 637 2973; x_wconf 87' lang='lat' dir='ltr'>cernebat,</span> <span class='ocrx_word' id='word_1_168' title='bbox 654 2886 832 2981; x_wconf 87' lang='lat' dir='ltr'>optimum</span> <span class='ocrx_word' id='word_1_169' title='bbox 848 2898 947 2954; x_wconf 87' lang='lat' dir='ltr'>ratus</span> <span class='ocrx_word' id='word_1_170' title='bbox 969 2879 1178 2953; x_wconf 86' lang='lat' dir='ltr'>cumfratre</span> <span class='ocrx_word' id='word_1_171' title='bbox 1196 2906 1256 2976; x_wconf 89' lang='lat' dir='ltr'>pa·</span> 
     </span>
     <span class='ocr_line' id='line_1_25' title="bbox 195 2987 1258 3090; baseline 0.002 -32"><span class='ocrx_word' id='word_1_172' title='bbox 195 2987 330 3059; x_wconf 78' lang='lat' dir='ltr'>truele³</span> <span class='ocrx_word' id='word_1_173' title='bbox 341 2992 489 3086; x_wconf 87' lang='lat' dir='ltr'>gratiam</span> <span class='ocrx_word' id='word_1_174' title='bbox 499 2995 746 3080; x_wconf 89' lang='lat' dir='ltr'>reconciliare,</span> <span class='ocrx_word' id='word_1_175' title='bbox 761 2995 894 3081; x_wconf 89' lang='lat' dir='ltr'>missis,</span> <span class='ocrx_word' id='word_1_176' title='bbox 909 2995 973 3090; x_wconf 93' lang='lat' dir='ltr'>qui</span> <span class='ocrx_word' id='word_1_177' title='bbox 984 3008 1021 3064; x_wconf 92' lang='lat' dir='ltr'>et</span> <span class='ocrx_word' id='word_1_178' title='bbox 1032 3016 1147 3090; x_wconf 92' lang='lat' dir='ltr'>puero</span> <span class='ocrx_word' id='word_1_179' title='bbox 1155 3015 1258 3088; x_wconf 88' lang='lat' dir='ltr'>spem</span> 
     </span>
     <span class='ocr_line' id='line_1_26' title="bbox 194 3093 1255 3200; baseline 0.004 -33"><span class='ocrx_word' id='word_1_180' title='bbox 194 3093 370 3184; x_wconf 83' lang='lat' dir='ltr'>facerent,</span> <span class='ocrx_word' id='word_1_181' title='bbox 386 3101 414 3166; x_wconf 92' lang='lat' dir='ltr'>si</span> <span class='ocrx_word' id='word_1_182' title='bbox 432 3101 469 3168; x_wconf 92' lang='lat' dir='ltr'>in</span> <span class='ocrx_word' id='word_1_183' title='bbox 484 3100 594 3172; x_wconf 89' lang='lat' dir='ltr'>fidem</span> <span class='ocrx_word' id='word_1_184' title='bbox 606 3105 800 3175; x_wconf 87' lang='lat' dir='ltr'>Masinissae</span> <span class='ocrx_word' id='word_1_185' title='bbox 814 3129 889 3175; x_wconf 90' lang='lat' dir='ltr'>sese</span> <span class='ocrx_word' id='word_1_186' title='bbox 904 3105 1140 3200; x_wconf 88' lang='lat' dir='ltr'>permisisset,</span> <span class='ocrx_word' id='word_1_187' title='bbox 1156 3100 1255 3172; x_wconf 91' lang='lat' dir='ltr'>futu-</span> 
     </span>
    </p>
   </div>
   <div class='ocr_carea' id='block_1_2' title="bbox 191 3276 1264 4137">
    <p class='ocr_par' dir='ltr' id='par_1_2' title="bbox 194 3276 1260 3893">
     <span class='ocr_line' id='line_1_27' title="bbox 194 3276 1258 3348; baseline 0.006 -27"><span class='ocrx_word' id='word_1_188' title='bbox 194 3276 279 3336; x_wconf 82' lang='lat'>1‚39‚</span> <span class='ocrx_word' id='word_1_189' title='bbox 299 3293 324 3323; x_wconf 87' lang='lat' dir='ltr'>n.</span> <span class='ocrx_word' id='word_1_190' title='bbox 338 3292 362 3322; x_wconf 89' lang='lat' dir='ltr'>a.</span> <span class='ocrx_word' id='word_1_191' title='bbox 382 3278 487 3325; x_wconf 83' lang='lat' dir='ltr'>Demaci</span> <span class='ocrx_word' id='word_1_192' title='bbox 509 3281 608 3343; x_wconf 89' lang='lat' dir='ltr'>quidam</span> <span class='ocrx_word' id='word_1_193' title='bbox 629 3283 701 3331; x_wconf 87' lang='lat' dir='ltr'>MSS.</span> <span class='ocrx_word' id='word_1_194' title='bbox 747 3284 828 3330; x_wconf 82' lang='lat' dir='ltr'>urbem</span> <span class='ocrx_word' id='word_1_195' title='bbox 840 3285 875 3330; x_wconf 87' lang='grc' dir='ltr'>Μ.</span> <span class='ocrx_word' id='word_1_196' title='bbox 890 3284 963 3331; x_wconf 86' lang='lat' dir='ltr'>Conf.</span> <span class='ocrx_word' id='word_1_197' title='bbox 980 3299 1053 3348; x_wconf 80' lang='lat' dir='ltr'>supra</span> <span class='ocrx_word' id='word_1_198' title='bbox 1070 3282 1101 3330; x_wconf 83' lang='lat' dir='ltr'>ad</span> <span class='ocrx_word' id='word_1_199' title='bbox 1115 3285 1141 3342; x_wconf 85' lang='lat'>1,</span> <span class='ocrx_word' id='word_1_200' title='bbox 1156 3283 1184 3340; x_wconf 81' lang='lat'>3,</span> <span class='ocrx_word' id='word_1_201' title='bbox 1197 3282 1258 3328; x_wconf 69' lang='lat' dir='ltr'>ut.</span> 
     </span>
     <span class='ocr_line' id='line_1_28' title="bbox 195 3354 1260 3426; baseline 0.008 -26"><span class='ocrx_word' id='word_1_202' title='bbox 195 3354 264 3401; x_wconf 88' lang='lat' dir='ltr'>Idem</span> <span class='ocrx_word' id='word_1_203' title='bbox 273 3354 337 3401; x_wconf 85' lang='lat' dir='ltr'>forte</span> <span class='ocrx_word' id='word_1_204' title='bbox 350 3354 470 3424; x_wconf 76' lang='grc' dir='ltr'>Δακᾶμας</span> <span class='ocrx_word' id='word_1_205' title='bbox 482 3357 702 3424; x_wconf 80' lang='lat' dir='ltr'>diciturAppiauo,</span> <span class='ocrx_word' id='word_1_206' title='bbox 781 3378 806 3409; x_wconf 84' lang='lat' dir='ltr'>a.</span> <span class='ocrx_word' id='word_1_207' title='bbox 818 3365 851 3408; x_wconf 86' lang='lat' dir='ltr'>Et</span> <span class='ocrx_word' id='word_1_208' title='bbox 865 3378 897 3408; x_wconf 81' lang='lat' dir='ltr'>ex</span> <span class='ocrx_word' id='word_1_209' title='bbox 913 3363 1028 3426; x_wconf 81' lang='lat' dir='ltr'>receptis,</span> <span class='ocrx_word' id='word_1_210' title='bbox 1048 3379 1079 3408; x_wconf 85' lang='lat' dir='ltr'>ex</span> <span class='ocrx_word' id='word_1_211' title='bbox 1093 3362 1136 3420; x_wconf 70' lang='lat' dir='ltr'>iia,</span> <span class='ocrx_word' id='word_1_212' title='bbox 1152 3377 1217 3424; x_wconf 87' lang='lat' dir='ltr'>quos</span> <span class='ocrx_word' id='word_1_213' title='bbox 1229 3362 1260 3408; x_wconf 84' lang='lat' dir='ltr'>in</span> 
     </span>
     <span class='ocr_line' id='line_1_29' title="bbox 195 3433 1260 3506; baseline 0.01 -29"><span class='ocrx_word' id='word_1_214' title='bbox 195 3433 258 3483; x_wconf 71' lang='lat' dir='ltr'>Fun.</span> <span class='ocrx_word' id='word_1_215' title='bbox 277 3440 319 3488; x_wconf 72' lang='lat'>41.</span> <span class='ocrx_word' id='word_1_216' title='bbox 343 3461 378 3469; x_wconf 94' lang='lat'>—</span> <span class='ocrx_word' id='word_1_217' title='bbox 398 3434 443 3481; x_wconf 85' lang='lat' dir='ltr'>Ad</span> <span class='ocrx_word' id='word_1_218' title='bbox 458 3435 595 3500; x_wconf 80' lang='lat' dir='ltr'>Thapsum,</span> <span class='ocrx_word' id='word_1_219' title='bbox 616 3439 701 3503; x_wconf 89' lang='lat' dir='ltr'>oppid.</span> <span class='ocrx_word' id='word_1_220' title='bbox 746 3458 800 3488; x_wconf 88' lang='lat' dir='ltr'>eum</span> <span class='ocrx_word' id='word_1_221' title='bbox 823 3443 957 3490; x_wconf 86' lang='lat' dir='ltr'>exercitum</span> <span class='ocrx_word' id='word_1_222' title='bbox 980 3452 1111 3506; x_wconf 83' lang='lat' dir='ltr'>receperat.</span> <span class='ocrx_word' id='word_1_223' title='bbox 1134 3467 1170 3476; x_wconf 91' lang='lat'><em>-</em></span> <span class='ocrx_word' id='word_1_224' title='bbox 1188 3439 1260 3506; x_wconf 70' lang='lat' dir='ltr'>regis</span> 
     </span>
     <span class='ocr_line' id='line_1_30' title="bbox 196 3511 1259 3584; baseline 0.01 -28"><span class='ocrx_word' id='word_1_225' title='bbox 196 3511 276 3557; x_wconf 84' lang='lat' dir='ltr'>merit.</span> <span class='ocrx_word' id='word_1_226' title='bbox 286 3512 399 3576; x_wconf 78' lang='lat' dir='ltr'>Byzacfi,</span> <span class='ocrx_word' id='word_1_227' title='bbox 411 3528 462 3560; x_wconf 92' lang='lat' dir='ltr'>non</span> <span class='ocrx_word' id='word_1_228' title='bbox 472 3515 545 3578; x_wconf 82' lang='lat' dir='ltr'>longe</span> <span class='ocrx_word' id='word_1_229' title='bbox 556 3533 570 3563; x_wconf 88' lang='lat' dir='ltr'>a</span> <span class='ocrx_word' id='word_1_230' title='bbox 583 3518 648 3580; x_wconf 86' lang='lat' dir='ltr'>Syrti</span> <span class='ocrx_word' id='word_1_231' title='bbox 659 3518 702 3564; x_wconf 88' lang='lat' dir='ltr'>mi·</span> <span class='ocrx_word' id='word_1_232' title='bbox 745 3521 855 3583; x_wconf 79' lang='lat' dir='ltr'>Capussa.</span> <span class='ocrx_word' id='word_1_233' title='bbox 867 3521 1022 3568; x_wconf 87' lang='lat' dir='ltr'>—Peditum</span> <span class='ocrx_word' id='word_1_234' title='bbox 1036 3519 1171 3584; x_wconf 80' lang='lat' dir='ltr'>equitumve</span> <span class='ocrx_word' id='word_1_235' title='bbox 1177 3537 1189 3576; x_wconf 86' lang='lat'>,·</span> <span class='ocrx_word' id='word_1_236' title='bbox 1205 3520 1259 3583; x_wconf 85' lang='lat' dir='ltr'>qui·</span> 
     </span>
     <span class='ocr_line' id='line_1_31' title="bbox 196 3592 1258 3663; baseline 0.011 -29"><span class='ocrx_word' id='word_1_237' title='bbox 196 3603 256 3635; x_wconf 89' lang='lat' dir='ltr'>nore</span> <span class='ocrx_word' id='word_1_238' title='bbox 274 3600 298 3636; x_wconf 89' lang='lat' dir='ltr'>et</span> <span class='ocrx_word' id='word_1_239' title='bbox 316 3592 386 3654; x_wconf 83' lang='lat' dir='ltr'>Lepti</span> <span class='ocrx_word' id='word_1_240' title='bbox 402 3607 491 3653; x_wconf 87' lang='lat' dir='ltr'>parva,</span> <span class='ocrx_word' id='word_1_241' title='bbox 516 3593 574 3640; x_wconf 90' lang='lat' dir='ltr'>hod.</span> <span class='ocrx_word' id='word_1_242' title='bbox 592 3596 701 3645; x_wconf 75' lang='lat' dir='ltr'>Demsae.</span> <span class='ocrx_word' id='word_1_243' title='bbox 746 3597 801 3644; x_wconf 89' lang='lat' dir='ltr'>dam</span> <span class='ocrx_word' id='word_1_244' title='bbox 812 3600 875 3646; x_wconf 87' lang='lat' dir='ltr'>MSS</span> <span class='ocrx_word' id='word_1_245' title='bbox 888 3599 1052 3663; x_wconf 84' lang='lat' dir='ltr'>equitumque,</span> <span class='ocrx_word' id='word_1_246' title='bbox 1063 3598 1135 3662; x_wconf 90' lang='lat' dir='ltr'>prob.</span> <span class='ocrx_word' id='word_1_247' title='bbox 1143 3601 1258 3646; x_wconf 79' lang='lat' dir='ltr'>Doen—</span> 
     </span>
     <span class='ocr_line' id='line_1_32' title="bbox 197 3666 1259 3740; baseline 0.011 -28"><span class='ocrx_word' id='word_1_248' title='bbox 197 3666 245 3712; x_wconf 89' lang='lat' dir='ltr'>Sed</span> <span class='ocrx_word' id='word_1_249' title='bbox 256 3667 329 3714; x_wconf 81' lang='lat' dir='ltr'>situm</span> <span class='ocrx_word' id='word_1_250' title='bbox 341 3680 392 3716; x_wconf 87' lang='lat' dir='ltr'>erat</span> <span class='ocrx_word' id='word_1_251' title='bbox 401 3669 462 3716; x_wconf 87' lang='lat' dir='ltr'>ultra</span> <span class='ocrx_word' id='word_1_252' title='bbox 472 3671 640 3736; x_wconf 85' lang='lat' dir='ltr'>Carthaginem</span> <span class='ocrx_word' id='word_1_253' title='bbox 649 3690 703 3720; x_wconf 81' lang='lat' dir='ltr'>ver·</span> <span class='ocrx_word' id='word_1_254' title='bbox 748 3675 812 3722; x_wconf 82' lang='lat' dir='ltr'>Vicit</span> <span class='ocrx_word' id='word_1_255' title='bbox 819 3688 898 3723; x_wconf 85' lang='lat' dir='ltr'>tamen</span> <span class='ocrx_word' id='word_1_256' title='bbox 904 3711 913 3733; x_wconf 85' lang='lat'>,</span> <span class='ocrx_word' id='word_1_257' title='bbox 923 3676 948 3723; x_wconf 90' lang='lat' dir='ltr'>h.</span> <span class='ocrx_word' id='word_1_258' title='bbox 958 3694 979 3724; x_wconf 90' lang='lat' dir='ltr'>e.</span> <span class='ocrx_word' id='word_1_259' title='bbox 988 3678 1099 3740; x_wconf 84' lang='lat' dir='ltr'>quamvis</span> <span class='ocrx_word' id='word_1_260' title='bbox 1105 3692 1259 3740; x_wconf 82' lang='lat' dir='ltr'>nequaquem</span> 
     </span>
     <span class='ocr_line' id='line_1_33' title="bbox 196 3746 1260 3820; baseline 0.014 -30"><span class='ocrx_word' id='word_1_261' title='bbox 196 3759 237 3790; x_wconf 79' lang='lat' dir='ltr'>eus</span> <span class='ocrx_word' id='word_1_262' title='bbox 251 3746 383 3807; x_wconf 89' lang='lat' dir='ltr'>orientem,</span> <span class='ocrx_word' id='word_1_263' title='bbox 393 3760 416 3795; x_wconf 90' lang='lat' dir='ltr'>et</span> <span class='ocrx_word' id='word_1_264' title='bbox 426 3749 526 3814; x_wconf 84' lang='lat' dir='ltr'>Syphax</span> <span class='ocrx_word' id='word_1_265' title='bbox 533 3752 703 3817; x_wconf 84' lang='lat' dir='ltr'>Masaesylique</span> <span class='ocrx_word' id='word_1_266' title='bbox 746 3765 840 3802; x_wconf 86' lang='lat' dir='ltr'>tautum</span> <span class='ocrx_word' id='word_1_267' title='bbox 856 3756 968 3819; x_wconf 88' lang='lat' dir='ltr'>peditum</span> <span class='ocrx_word' id='word_1_268' title='bbox 982 3759 1123 3820; x_wconf 85' lang='lat' dir='ltr'>equitumve</span> <span class='ocrx_word' id='word_1_269' title='bbox 1136 3755 1260 3815; x_wconf 77' lang='lat' dir='ltr'>habebat,</span> 
     </span>
     <span class='ocr_line' id='line_1_34' title="bbox 196 3825 1168 3893; baseline 0.014 -26"><span class='ocrx_word' id='word_1_270' title='bbox 196 3837 278 3869; x_wconf 81' lang='lat' dir='ltr'>versus</span> <span class='ocrx_word' id='word_1_271' title='bbox 297 3825 450 3874; x_wconf 88' lang='lat' dir='ltr'>occidentem</span> <span class='ocrx_word' id='word_1_272' title='bbox 464 3828 614 3879; x_wconf 85' lang='lat' dir='ltr'>habitabant.</span> <span class='ocrx_word' id='word_1_273' title='bbox 637 3833 703 3878; x_wconf 86' lang='lat' dir='ltr'>Hinc</span> <span class='ocrx_word' id='word_1_274' title='bbox 745 3843 826 3880; x_wconf 71' lang='lat' dir='ltr'>umen</span> <span class='ocrx_word' id='word_1_275' title='bbox 838 3836 905 3882; x_wconf 86' lang='lat' dir='ltr'>vicit.</span> <span class='ocrx_word' id='word_1_276' title='bbox 916 3830 1033 3892; x_wconf 68' lang='lat' dir='ltr'>Cf.&#39;adI,</span> <span class='ocrx_word' id='word_1_277' title='bbox 1047 3850 1130 3893; x_wconf 63' lang='grc' dir='ltr'>ιω.</span> <span class='ocrx_word' id='word_1_278' title='bbox 1146 3850 1168 3881; x_wconf 84' lang='lat'>1.</span> 
     </span>
    </p>

    <p class='ocr_par' dir='ltr' id='par_1_3' title="bbox 191 3898 1264 4137">
     <span class='ocr_line' id='line_1_35' title="bbox 200 3898 1263 3978; baseline 0.016 -34"><span class='ocrx_word' id='word_1_279' title='bbox 200 3898 338 3948; x_wconf 78' lang='lat' dir='ltr'>Thebestam</span> <span class='ocrx_word' id='word_1_280' title='bbox 357 3907 422 3965; x_wconf 84' lang='lat' dir='ltr'>conj.</span> <span class='ocrx_word' id='word_1_281' title='bbox 440 3908 538 3968; x_wconf 86' lang='lat' dir='ltr'>Doujat.</span> <span class='ocrx_word' id='word_1_282' title='bbox 555 3921 579 3956; x_wconf 90' lang='lat' dir='ltr'>et</span> <span class='ocrx_word' id='word_1_283' title='bbox 598 3910 701 3956; x_wconf 81' lang='lat' dir='ltr'>Tubusu·</span> <span class='ocrx_word' id='word_1_284' title='bbox 781 3911 1263 3978; x_wconf 80' lang='lat' dir='ltr'>3.CumfratrepatrueleLacumace.—·</span> 
     </span>
     <span class='ocr_line' id='line_1_36' title="bbox 191 3982 1264 4057; baseline 0.014 -33"><span class='ocrx_word' id='word_1_285' title='bbox 191 3988 276 4040; x_wconf 81' lang='lat' dir='ltr'>ptum‚·</span> <span class='ocrx_word' id='word_1_286' title='bbox 289 3989 313 4024; x_wconf 86' lang='lat' dir='ltr'>at</span> <span class='ocrx_word' id='word_1_287' title='bbox 324 3982 400 4030; x_wconf 85' lang='lat' dir='ltr'>Drak.</span> <span class='ocrx_word' id='word_1_288' title='bbox 415 3983 517 4032; x_wconf 80' lang='lat' dir='ltr'>Thalam</span> <span class='ocrx_word' id='word_1_289' title='bbox 532 3987 571 4033; x_wconf 85' lang='lat' dir='ltr'>vel</span> <span class='ocrx_word' id='word_1_290' title='bbox 589 3988 700 4051; x_wconf 82' lang='lat' dir='ltr'>Capsam.</span> <span class='ocrx_word' id='word_1_291' title='bbox 745 3989 838 4047; x_wconf 80' lang='lat' dir='ltr'>Missis,</span> <span class='ocrx_word' id='word_1_292' title='bbox 858 3991 999 4054; x_wconf 80' lang='lat' dir='ltr'>quiet...et</span> <span class='ocrx_word' id='word_1_293' title='bbox 1017 3989 1112 4057; x_wconf 77' lang='lat' dir='ltr'>(missia</span> <span class='ocrx_word' id='word_1_294' title='bbox 1130 3989 1202 4056; x_wconf 77' lang='lat' dir='ltr'>eliis)</span> <span class='ocrx_word' id='word_1_295' title='bbox 1217 3992 1264 4056; x_wconf 82' lang='lat' dir='ltr'>qui</span> 
     </span>
     <span class='ocr_line' id='line_1_37' title="bbox 193 4057 1262 4137; baseline 0.013 -31"><span class='ocrx_word' id='word_1_296' title='bbox 193 4057 257 4106; x_wconf 87' lang='lat' dir='ltr'>Mox</span> <span class='ocrx_word' id='word_1_297' title='bbox 279 4057 342 4106; x_wconf 86' lang='lat' dir='ltr'>forte</span> <span class='ocrx_word' id='word_1_298' title='bbox 361 4059 408 4126; x_wconf 81' lang='lat' dir='ltr'>leg.</span> <span class='ocrx_word' id='word_1_299' title='bbox 429 4077 483 4113; x_wconf 84' lang='lat' dir='ltr'>eam</span> <span class='ocrx_word' id='word_1_300' title='bbox 504 4065 636 4117; x_wconf 71' lang='lat' dir='ltr'>Masmina</span> <span class='ocrx_word' id='word_1_301' title='bbox 655 4082 701 4137; x_wconf 85' lang='lat' dir='ltr'>pro</span> <span class='ocrx_word' id='word_1_302' title='bbox 746 4070 880 4128; x_wconf 73' lang='lat' dir='ltr'>Memento,</span> <span class='ocrx_word' id='word_1_303' title='bbox 893 4081 940 4121; x_wconf 86' lang='lat' dir='ltr'>etc.</span> <span class='ocrx_word' id='word_1_304' title='bbox 955 4069 1003 4119; x_wconf 83' lang='lat' dir='ltr'>Vel</span> <span class='ocrx_word' id='word_1_305' title='bbox 1018 4068 1087 4137; x_wconf 81' lang='lat' dir='ltr'>prim</span> <span class='ocrx_word' id='word_1_306' title='bbox 1103 4080 1129 4119; x_wconf 76' lang='lat' dir='ltr'>et</span> <span class='ocrx_word' id='word_1_307' title='bbox 1140 4070 1181 4119; x_wconf 79' lang='lat' dir='ltr'>vel</span> <span class='ocrx_word' id='word_1_308' title='bbox 1197 4071 1262 4120; x_wconf 77' lang='lat' dir='ltr'>elte-</span> 
     </span>
    </p>
   </div>
   <div class='ocr_carea' id='block_1_3' title="bbox 0 0 1388 4574">
    <p class='ocr_par' dir='ltr' id='par_1_4' title="bbox 0 0 1388 4574">
     <span class='ocr_line' id='line_1_38' title="bbox 0 0 1388 4574; baseline 0 0"><span class='ocrx_word' id='word_1_309' title='bbox 0 0 1388 4574; x_wconf 95' lang='lat' dir='ltr'> </span> 
     </span>
    </p>
   </div>
  </div>
 </body>
</html>
