2768 4574
1091 286 1116 324 A·
1129 284 1154 326 C.
1167 298 1228 329 aro.-

175 305 242 376 166
596 313 633 376 Τ.
667 311 806 378 LlVll
1091 345 1213 392 ccco.

171 427 257 496 inde
268 426 411 498 auditus
420 425 576 525 Philippi
587 429 762 500 adventus
772 425 912 523 regredi
924 427 1030 497 etiam
1043 426 1081 495 iu
1091 426 1239 496 intimos

173 540 291 634 coegit
307 536 408 608 lines.
427 542 502 608 Nec
520 539 725 637 Philippus,
744 561 973 634 quanquam,
990 560 1037 606 ne
1056 537 1239 632 opprime·

171 661 300 716 rentur
313 653 531 734 Acarnanes,
546 648 736 719 itineribus
749 648 887 744 magnis
902 648 1008 732 ierat,
1024 645 1118 716 ultra
1127 647 1240 717 Dium

172 770 226 837 est
244 780 466 853 progressus.
489 757 596 844 Inde,
617 783 731 855 quum
751 758 907 829 audisset
925 756 1083 829 reditum
1100 757 1240 829 AEtolo-

169 891 252 937 rum
268 893 312 936 ex
329 870 543 957 Acarnania,
559 882 594 938 et
612 870 688 966 ipse
703 868 835 939 Pellam
851 867 968 938 rediit.

220 983 344 1048 XXVI.
359 979 540 1065 LaevinuS,
555 980 647 1048 veris
663 979 841 1075 principio
853 1003 873 1047 a
887 981 1042 1072 Corcyra
1054 973 1241 1073 profectus

169 1086 343 1174 navibus,
368 1104 537 1185 superato
554 1094 708 1160 Leucata
720 1100 730 1130 ¹
744 1090 1026 1185 promontorio,
1048 1111 1162 1184 quum
1174 1112 1240 1157 ve·

169 1200 282 1270 nisset
300 1202 546 1298 Naupactum,
564 1201 768 1296 Anticyram
786 1198 871 1269 inde
890 1223 927 1268 se
941 1199 1140 1295 petiturum
1160 1196 1239 1267 edi-

169 1313 239 1397 xit,
252 1324 293 1380 ut
306 1325 436 1408 praesto
448 1310 498 1380 ibi
514 1315 647 1408 Scopas
658 1309 834 1406 AEtolique
846 1323 975 1380 essent.
987 1308 1241 1403 SitaAnticyra

170 1436 224 1492 est
242 1423 280 1490 iu
296 1420 447 1491 Locride
464 1421 549 1492 laeva
568 1436 669 1519 parte
683 1422 803 1491 sinum
818 1417 1079 1489 corinthiacum
1098 1417 1240 1487 intran-

168 1528 267 1601 tibus
279 1529 406 1601 :breve
419 1545 512 1601 terra
526 1533 594 1602 iter
604 1556 663 1619 eu,
672 1529 792 1601 brevis
802 1530 980 1626 navigatio
993 1527 1039 1599 ab
1048 1531 1244 1624 Naupacto.

170 1655 235 1711 est.
253 1641 374 1712 Tertio
392 1639 504 1712 senne
523 1656 605 1739 post
624 1640 682 1712 die
702 1641 876 1738 utrinque
895 1639 1097 1737 oppugnari
1116 1653 1243 1735 coepta
1335 1683 1336 1686 =

170 1766 241 1821 est:
258 1753 433 1848 graviora
451 1753 541 1822 mari
555 1752 887 1848 oppugnatioerat3
905 1751 989 1846 quia
1006 1764 1042 1821 et
1057 1763 1249 1820 tormenta.

171 1860 418 1956 machaenique
437 1862 555 1931 omnis
579 1864 720 1958 generis
741 1864 776 1931 in
802 1861 954 1931 navibus
973 1874 1093 1946 erant,
1112 1874 1147 1930 et
1164 1864 1240 1930 Ro-

169 1972 268 2040 mani
287 1970 372 2041 inde
389 1972 661 2068 oppugnabant.
685 1978 811 2068 ltaque
827 1975 921 2043 intra
936 1997 1077 2069 paucos·
1089 1970 1165 2042 dies
1183 1996 1241 2043 rc·
1301 1978 1304 1983 ’

169 2096 279 2178 cepta,
290 2080 377 2152 urbs
401 2107 466 2179 per
480 2081 700 2153 deditionem
716 2085 839 2162 AEtolis
857 2084 1029 2171 traditur,
1054 2081 1173 2181 praeda
1193 2107 1240 2155 ex

166 2296 286 2356 'prospere
295 2293 601 2351 succedentibus-Ultra
609 2297 682 2344 Dium
726 2297 817 2345 Duker.
830 2298 861 2345 ad
870 2297 984 2362 Thucyd.
994 2299 1039 2356 IV,
1052 2299 1080 2355 83
1100 2293 1239 2359 Schweigh.

167 2372 280 2429 MSS;u.
291 2372 373 2418 Clinen
386 2373 442 2421 edd.
451 2386 507 2421 aute
518 2378 596 2423 Gron.
607 2374 682 2422 Dium
725 2377 757 2423 ad
775 2375 862 2438 Polyb.
877 2378 909 2435 V,
925 2377 953 2435 5,
978 2392 1021 2434 12;
1036 2375 1109 2422 Drak.
1131 2374 1162 2422 ad
1179 2374 1238 2423 h.l.

168 2450 399 2514 opp.Maoedoniae,
410 2451 441 2498 ad
448 2453 592 2500 Hailacmou
601 2454 682 2513 llum,
726 2465 750 2501 et
763 2455 794 2501 ad
804 2456 894 2512 XLIV,
912 2471 937 2513 1,
959 2454 1003 2502 ubi
1022 2455 1112 2502 dicitur
1121 2465 1239 2517 superato

166 2528 213 2576 sub
223 2530 346 2593 Olympo,
360 2532 385 2577 in
399 2530 490 2579 finibus
503 2532 591 2580 Pieriae·
602 2545 626 2581 et
639 2548 682 2580 ora
726 2533 778 2580 scil.
792 2534 963 2596 promontorio
978 2536 1095 2580 Leucata.
1112 2560 1148 2578 -.-
1166 2532 1241 2578 Nan-

65 2638 69 2644 ·
167 2609 254 2666 ma1·is;
274 2609 329 2655 vido
346 2611 437 2666 XLIV,
452 2627 475 2669 7,
492 2625 520 2671 93
537 2611 625 2674 Polyb.
636 2612 680 2668 IV,
719 2622 809 2673 pactus
824 2622 959 2658 extremum
976 2612 1088 2658 Locridis
1107 2622 1131 2658 et
1151 2623 1240 2674 postea

167 2688 214 2745 623
228 2690 260 2747 V,
274 2704 300 2750 93
317 2689 379 2736 Pliu.
394 2690 439 2748 IV,
454 2705 494 2736 ιο.
724 2689 862 2736 AEtolorum
881 2705 940 2755 opp.
954 2707 1009 2736 cum
1026 2702 1099 2754 portu
1113 2690 1145 2736 ad
1157 2689 1241 2737 sinum

203 2769 265 2816 Car.
276 2769 375 2815 XXVI.
393 2783 414 2813 1.
435 2769 553 2830 Srperaco
570 2770 680 2815 Leucata
726 2767 919 2824 Corinthiacum,
932 2767 1007 2816 hodie
1017 2772 1178 2832 Leponto.-
1188 2770 1241 2815 Ans

166 2846 251 2912 (hodie
260 2846 327 2909 Capo
333 2845 442 2909 Dncnco)
446 2847 616 2909 promontorio
623 2849 681 2894 Leu·
724 2846 815 2908 dcyra,
826 2837 947 2917 Ancinupc
955 2888 962 2909 ,
970 2837 1105 2917 Ᾰντιιιύῤῥα
1112 2861 1136 2897 et
1145 2851 1241 2909 rectius

167 2925 246 2984 cadis,
266 2925 316 2972 sive
328 2924 453 2972 Leucadiae
469 2924 561 2989 (bodie
571 2927 595 2974 S.
608 2927 680 2971 Mun·
724 2917 856 2995 laetante
871 2927 987 2989 (adversa
998 2927 1113 2990 Cyrrhae,
1128 2942 1172 2973 seu
1184 2927 1240 2975 cir-

166 3002 219 3070 νᾳ),
236 3021 290 3068 quae
305 3005 364 3060 olim
378 3004 514 3068 paeninsula
527 3017 591 3062 erat,
605 3006 680 3052 Acar-
723 3006 789 3064 rbae,
811 3022 853 3052 seu
864 3004 956 3070 Cirtae)
974 3023 1063 3053 nomen
1080 3006 1182 3059 duarum
1195 3023 1241 3054 ur·

165 3084 246 3132 naniac
258 3083 397 3141 cohaerens,
412 3094 436 3129 et
450 3082 538 3130 deinde
552 3084 629 3131 insula
644 3096 680 3132 est
723 3085 791 3132 bium
800 3085 973 3141 maritimarum
983 3084 1101 3132 hellebori
1114 3097 1241 3148 proventu

165 3163 228 3210 facta
241 3162 293 3228 (sed
303 3165 354 3223 jam
366 3161 459 3209 dudum
469 3173 525 3209 ante
534 3162 575 3208 illa
585 3173 679 3226 tempo·
724 3164 858 3221 nobilium,
874 3165 900 3209 iu
914 3162 1023 3211 Phocide
1036 3165 1068 3210 ad
1083 3165 1163 3210 sinum
1175 3164 1242 3213 Cris·

164 3258 206 3300 ra,
222 3259 276 3305 quae
291 3244 418 3299 XXXIII,
434 3258 474 3301 17,
485 3239 679 3306 significantur),
724 3259 799 3291 saeum
809 3243 848 3290 vel
858 3242 1054 3299 Corinthiacum,
1069 3254 1094 3290 et
1103 3243 1129 3289 in
1138 3243 1243 3292 Phthio.

163 3321 276 3384 perfosso
293 3321 397 3379 isthmo,
420 3322 462 3384 qui
480 3320 539 3370 inde
553 3321 680 3390 Διόρυιιτος
724 3323 787 3380 tide,
806 3334 875 3387 parte
895 3323 1038 3380 Thessaliae,
1060 3323 1092 3370 ad
1105 3323 1242 3374 Maliacum

165 3399 258 3456 dictus,
274 3411 300 3446 ct
316 3400 342 3445 in
361 3416 410 3462 quo
432 3401 477 3446 sita
497 3402 589 3446 Leucas
607 3401 677 3459 urbs,
722 3403 800 3449 sinum
816 3414 840 3449 et
855 3414 963 3448 montem
973 3403 1073 3448 OEtam.
1096 3401 1149 3448 Sita
1163 3403 1242 3450 Anti-

164 3488 238 3541 caput
252 3478 411 3536 Acarnaniae,
431 3478 491 3524 olim
506 3478 619 3526 Neritum
636 3479 678 3544 (nt
722 3498 780 3542 cyra
792 3493 828 3528 est
837 3481 861 3528 in
871 3481 990 3527 Locride:
1004 3481 1067 3527 forte
1077 3479 1125 3542 leg.
1137 3481 1161 3527 in
1172 3481 1242 3530 ΡΙιο-

162 3555 242 3602 iusula
260 3554 367 3620 Neritis)
390 3556 538 3620 appellatum
561 3569 585 3605 et
611 3554 677 3605 uuric
722 3558 790 3615 cide,
812 3571 839 3606 ut
851 3561 966 3615 XXXII,
986 3560 1030 3616 18,
1045 3559 1242 3610 velaLocride.

163 3635 283 3682 Leucada.
303 3638 411 3681 Leucata
427 3638 480 3683 Put.
496 3649 520 3684 et
539 3637 582 3684 alii
601 3638 677 3696 MSS,
723 3638 771 3686 Sed
785 3649 808 3684 et
819 3639 905 3685 Strabo
918 3639 961 3685 lib.
972 3641 1020 3697 IX,
1033 3653 1088 3701 pag.
1099 3653 1163 3699 299,
1177 3639 1244 3693 dicit

163 3715 269 3760 Leucate
292 3713 348 3760 edd.
372 3726 427 3761 ante
446 3715 520 3762 Drak.
544 3715 678 3763 Dicebatur
722 3716 865 3787 naviculas
895 3722 921 3770 in
948 3722 1048 3786 regione
1072 3721 1156 3768 otttaea
1169 3764 1172 3769 .
1185 3738 1242 3772 esse

161 3794 305 3854 Διυκάτας,
320 3812 364 3844 seu
373 3794 514 3856 Δευκιίτης,
527 3795 643 3855 Λευκάτα,
653 3809 677 3846 et
723 3795 848 3866 ὁμώνυμον
862 3801 893 3863 τῇ
903 3799 926 3849 ἐν
932 3800 1031 3866 Λοκροῖς
1043 3799 1092 3856 τοῖς
1099 3787 1243 3866 Conspicit,

161 3871 287 3927 Δευκιίτη.
298 3877 389 3925 Confer
395 3880 525 3936 XXXIII,
539 3896 583 3941 ης
595 3877 627 3925 ad
633 3878 676 3934 Sil,
721 3879 833 3924 Incertos
848 3875 880 3923 ad
893 3878 965 3923 maris
979 3893 1047 3923 oram
1061 3877 1135 3923 fuisse
1147 3876 1242 3927 liurites

161 3953 220 4010 XV,
237 3954 301 4010 3023
321 3953 397 4000 Hard.
417 3953 449 4000 ad
466 3954 529 4001 Pliu.
544 3955 589 4012 IV,
605 3971 632 4012 1,
648 3971 677 4015 ας
721 3959 856 4003 Locrorum
869 3968 894 4002 et
906 3956 1081 4013 Phocensium,
1096 3967 1120 4002 et
1131 3954 1189 4002 illos
1200 3955 1242 4003 ul-

163 4031 266 4082 Casaub.
282 4031 314 4078 ad
330 4031 409 4080 strab.
422 4033 461 4091 X,
479 4047 535 4096 pag.
548 4033 596 4088 451
612 4050 675 4098 seq.;
722 4045 758 4084 tra
769 4033 871 4085 modum
878 4047 1041 4103 prorogatus,
1053 4035 1086 4084 ob
1097 4045 1244 4102 temporum
