2768 4574
196 347 263 440 372
615 343 653 408 r.
686 342 824 408 mvn
942 338 945 347 ’
1102 319 1236 426 ,ij-2³:32&

194 491 251 536 res
267 461 583 556 conciliandosque
600 485 725 556 regum
747 461 982 557 gentiumque
1002 458 1146 529 annuos
1157 506 1176 547 ‚-
1192 464 1262 557 Sy-

194 576 343 673 phacem
356 573 512 669 primum
524 595 644 667 regem
655 571 777 639 statuit
785 565 944 639 tentare³
959 594 967 634 τ
980 567 1261 662 Masaesylorum

194 688 223 755 is
237 709 300 755 rex
314 697 400 752 erat.
418 681 605 776 Masaesyli,
621 705 708 776 gens
719 678 836 748 affinis
846 679 997 764 Mauris,
1012 678 1050 749 in
1064 679 1260 775 regionem

193 792 389 888 Hispania,
414 790 567 879 maxime
588 814 657 884 qua
679 790 743 859 sita
757 793 858 859 Nova
878 788 1055 883 Carthago
1077 803 1152 878 est,
1173 814 1261 886 spe-

196 917 304 972 ctant.
323 898 454 968 Foedus
468 923 509 969 ea
525 914 737 994 tempestate
755 901 829 994 regi
847 923 929 969 cum
949 898 1259 996 Carthaginiensi-

195 1011 264 1081 bus
286 1025 360 1079 erat
382 1036 389 1076 :
411 1009 510 1104 quod
537 1008 633 1078 haud
657 1009 796 1102 gravius
820 1009 852 1078 ei
873 1008 1122 1103 sanctiusque,
1143 1035 1257 1106 quam

193 1122 301 1216 vulgo
315 1118 494 1204 BarbariS,
514 1118 646 1213 quibus
661 1143 706 1188 ex
719 1116 861 1187 fortuna
877 1117 1011 1214 pendet
1028 1117 1138 1207 fides,
1155 1128 1258 1190 rat'us

195 1228 292 1315 lore,
311 1243 491 1298 oratorem
509 1227 554 1296 ad
572 1251 654 1297 eum
676 1232 715 1297 C.
731 1226 878 1296 Laelium
902 1251 984 1296 cum
1005 1226 1112 1297 donis
1131 1230 1255 1299 mittit.

195 1338 336 1430 Quibus
345 1335 520 1405 Barbarus
533 1336 652 1422 laetus,
668 1350 703 1406 et
718 1336 802 1430 quia
816 1360 873 1405 res
887 1350 964 1404 tum
978 1359 1163 1432 prosperae
1170 1336 1259 1407 'ubi-

195 1472 266 1544 que
292 1446 479 1531 Romanis,
505 1447 622 1514 Poenis
648 1446 686 1513 in
706 1444 806 1514 ltalia
828 1442 1001 1533 adversus,
1023 1446 1061 1513 in
1082 1445 1259 1542 Hispania

195 1554 301 1625 nullae
320 1555 393 1648 jam
417 1567 538 1640 erant,
559 1554 747 1624 amicitiam
772 1579 808 1623 se
827 1559 1072 1623 Romanorum
1090 1556 1259 1653 accipere

195 1666 339 1753 annuit3
357 1663 539 1734 firmandae
561 1668 637 1759 ejus
655 1663 764 1734 fidem
782 1688 848 1733 nec
865 1663 968 1752 dare,
988 1689 1054 1734 nec
1071 1666 1259 1764 accipere,

198 1777 266 1844 nisi
280 1799 362 1844 cum
381 1777 460 1871 ipso
478 1799 599 1844 coram
613 1773 704 1844 duce
722 1777 906 1843 romanol.
922 1779 975 1843 Ita
988 1773 1138 1859 Laelius,
1162 1779 1203 1848 in
1223 1778 1259 1849 id

197 1887 307 1956 modo
322 1884 394 1954 fide
414 1883 459 1952 ab
474 1908 557 1980 rege
572 1899 733 1980 accepta,
748 1899 866 1953 tutum
883 1884 1076 1954 adventum
1092 1883 1196 1973 fore,
1216 1890 1262 1958 ad

197 1997 399 2091 Scipionem
417 1992 532 2061 rediit.
551 1997 720 2087 Magnum
744 1994 782 2061 in
805 1994 925 2060 omnia
942 2006 1175 2062 momentum
1193 2000 1260 2090 sy-

196 2102 293 2199 phax
318 2099 499 2170 affectanti
521 2124 577 2169 res
598 2098 722 2170 Africae
745 2116 838 2190 erat,
860 2101 1157 2197 opulentissimus
1183 2096 1263 2200 ejus

197 2225 299 2280 terrae
316 2234 399 2296 rex,
422 2207 518 2278 bello
533 2209 605 2303 jam
624 2225 793 2306 expertus
811 2213 908 2307 ipsos
923 2211 1262 2306 Carthaginienses,

200 2318 334 2389 finibus
356 2319 463 2388 etiam
487 2320 588 2415 regni
614 2333 696 2414 apte
724 2317 769 2387 ad
789 2321 1011 2416 Hispaniam,
1034 2321 1138 2416 quod
1166 2321 1265 2395 freto

194 2562 308 2618 VelLII,
326 2574 368 2620 29.
378 2562 441 2607 Tum
454 2576 538 2608 sensus
552 2572 601 2610 est:
615 2573 639 2608 et
650 2577 702 2625 spe·
747 2563 857 2611 Gronov.
873 2562 938 2610 filius
956 2565 984 2615 τὸ
1003 2576 1206 2615 consummatam
1219 2586 1265 2634 per

196 2641 280 2689 ctabat
300 2639 349 2704 ejus
367 2638 423 2686 belli
438 2639 544 2703 gloriam
562 2641 631 2688 velut
648 2657 703 2687 con·
747 2642 870 2705 enallagen
888 2643 995 2705 positum
1012 2657 1059 2706 pro
1079 2649 1262 2704 consummari,

195 2718 372 2774 summandam,
384 2719 452 2780 quasi
461 2719 640 2778 absolvendam,
650 2719 701 2766 h.e.
746 2720 780 2766 ita
798 2731 917 2783 respuunt
935 2720 1027 2780 adjecta
1045 2721 1121 2768 verba
1139 2722 1170 2770 in
1192 2742 1265 2773 suum

195 2799 227 2847 ad
235 2813 353 2845 summum
363 2795 435 2860 plane
447 2798 570 2862 fastigium
583 2799 703 2845 extollen-
747 2798 818 2845 decus
833 2814 987 2861 nomenque:
1001 2798 1106 2846 absurda
1119 2802 1193 2850 enim
1208 2820 1265 2852 sen-

196 2874 265 2932 dam,
280 2875 305 2921 in
318 2889 387 2920 suum
399 2874 470 2920 decus
483 2891 635 2938 nomenque:
647 2892 703 2921 nam
747 2877 821 2922 tentia
830 2877 906 2924 foret:
916 2877 1063 2941 «Spectabat
1073 2877 1134 2925 belli
1147 2880 1264 2930 decusin

194 2953 364 3018 praesagiebat,
374 2969 400 2999 se
407 2954 551 3016 Africanum
558 2955 704 3016 appellatum
747 2970 816 3000 suum
828 2955 901 3000 decus
914 2955 1036 3018 profligati
1044 2977 1064 3002 υ.
1080 2958 1169 3018 Atque
1185 2960 1223 3008 sie
1237 2978 1265 3009 se

195 3033 323 3089 iri3Doer.
337 3030 399 3076 Olim
409 3032 593 3078 consummandi
600 3032 703 3079 malebat
747 3033 876 3096 pervicisse
894 3034 1014 3081 existimat
1036 3031 1157 3094 Biittner,
1180 3055 1215 3086 ue
1235 3039 1264 3086 in

195 3111 273 3156 Gron.
292 3118 316 3152 et
337 3121 395 3153 mox
412 3123 443 3152 ex
461 3109 608 3170 optimorum
629 3110 702 3158 codd.
746 3123 870 3175 posterum
883 3122 972 3159 temere
987 3124 1088 3160 vexetur
1101 3114 1246 3167 locuulln.

195 3183 303 3246 vestigiis
308 3184 511 3246 prcemoliendam
521 3203 578 3234 rem.
591 3215 625 3222 —
643 3189 702 3236 Cor·
783 3191 806 3236 3.
819 3189 950 3252 Syphacem
957 3190 1063 3253 priunum
1074 3206 1159 3256 regem
1173 3195 1265 3242 statuit

195 3262 330 3310 rectionem
339 3262 480 3309 Ruhnkenii
489 3266 703 3313 consummandam
747 3279 840 3314 tentare
850 3265 917 3331 (vide
926 3268 958 3314 ad
967 3271 1016 3327 IX,
1028 3269 1070 3326 35,
1080 3285 1105 3315 n.
1117 3267 1157 3333 1):
1168 3274 1262 3320 Masa-

194 3342 322 3406 impugnat
337 3338 455 3398 Biittner,
473 3343 574 3391 Observ.
587 3361 642 3408 pag.
655 3347 702 3404 76,
746 3347 851 3407 sylonem
866 3345 885 3392 is
904 3361 962 3403 rex,
977 3358 1022 3403 ete.
1038 3347 1096 3394 vide
1111 3347 1146 3394 ad
1161 3351 1263 3408 xxiv,

194 3420 250 3484 quia
269 3419 371 3482 perinde
396 3420 459 3466 valet
479 3422 591 3485 vulgata:
611 3425 702 3487 quippe
747 3427 795 3482 48,
815 3440 839 3471 n.
856 3439 878 3472 1.
898 3452 932 3461 -
954 3426 1017 3473 Gens
1036 3424 1119 3492 affinis
1145 3429 1259 3485 Mauris,

194 3509 361 3546 consummata
375 3499 457 3562 gloria
473 3511 510 3546 est
528 3502 701 3548 consummatio
746 3501 995 3565 confinis,proaima.

190 3576 285 3642 gloria.
300 3577 340 3624 Sic
354 3576 444 3624 centies
461 3594 507 3641 pro
524 3579 654 3643 participio
669 3581 703 3627 fu.
782 3588 806 3636 4.
828 3582 886 3629 Cum
908 3582 958 3644 ipso
978 3583 1039 3629 duee
1058 3598 1181 3641 romarm,
1204 3586 1260 3635 Sci·

192 3657 241 3705 turi
250 3654 340 3718 passivi
348 3648 478 3719 usurpanti
486 3657 642 3720 participium
649 3676 700 3723 per·
746 3659 829 3724 piene,
837 3671 861 3706 et
870 3660 967 3722 quidem
976 3676 1067 3716 coram,
1076 3661 1263 3721 adverbialiter,

193 3735 251 3782 fecti
269 3734 360 3797 passivi
379 3749 385 3782 ι
408 3735 477 3782 verbi
500 3752 585 3794 causa,
598 3740 631 3795 V,
650 3738 698 3795 36,
743 3755 798 3785 cnm
816 3754 846 3785 eo
863 3750 996 3803 praesente,
1015 3754 1067 3785 non
1084 3756 1130 3803 per
1148 3741 1261 3804 legatum

193 3813 270 3859 cladis
291 3824 413 3875 acceptae,
440 3830 504 3876 pro,
531 3814 697 3878 accipiendae3
742 3816 851 3876 Laeliu'm3
867 3817 941 3865 Drak.
958 3818 1040 3864 Germ.
1053 3818 1211 3879 persoulick,
1231 3832 1261 3869 ut

192 3892 318 3948 xxvln,
335 3898 364 3944 41
376 3891 442 3939 med.
460 3893 516 3940 belli
528 3894 626 3956 patrati
643 3895 699 3958 (pa
742 3882 839 3959 passim.
855 3924 890 3932 -
903 3895 1001 3943 Finibus
1016 3895 1092 3942 etiam
1109 3898 1183 3962 regui
1199 3910 1261 3963 apte

191 3967 299 4030 nandi);
319 3970 441 4028 XXXIV,
460 3986 505 4027 aa,
526 3970 627 4018 Grceeiae
644 3973 699 4019 libe·
743 3975 779 4033 ad
785 3974 930 4037 Hispaniam
934 3973 1205 4042 positis5videadcnp.
1217 3979 1259 4037 13,

190 4058 253 4095 ratae
266 4045 418 4111 (liberandae)
430 4079 437 4107 ,
453 4060 498 4096 ete.
515 4049 591 4111 Quod
603 4052 699 4100 monuit
744 4069 769 4101 n.
780 4053 803 4113 5,
817 4052 884 4101 etad
896 4055 993 4113 XXIV,
1004 4055 1050 4113 48,
1059 4067 1085 4099 u.
1099 4068 1120 4099 r.
