2768 4574
411 319 575 419 utana
608 319 779 386 xxvii.
807 318 914 386 cap.
936 319 969 384 1.
1151 316 1224 388 ω

160 442 213 511 liti
227 465 395 512 concessa
412 467 419 508 :
437 441 547 512 tritici
560 464 708 538 quoque
721 438 876 511 ducenta
889 440 1128 538 quadraginta
1141 439 1224 512 mil·
1277 460 1280 466 ’

161 550 206 620 lia
224 550 407 638 modium,
425 566 460 621 et
482 565 629 622 centum
647 551 774 635 decem
789 549 899 619 millia
916 549 1046 623 hordei
1064 551 1227 623 inventa,

161 665 337 734 Caeterum
350 686 583 760 nequaquam
592 660 677 732 inde
689 676 831 732 tantum
841 658 1012 758 gaudium
1021 659 1101 749 fuit,
1113 687 1227 758 quan·

160 787 195 844 ta
212 773 330 845 clades
348 773 442 843 intra
460 798 596 871 paucos
614 771 691 843 dies
710 786 856 869 accepta
873 781 961 858 est',
981 770 1081 842 haud
1095 774 1224 869 procul

159 882 204 953 ab
220 882 412 954 Herdonea
429 882 532 954 urbe.
550 887 674 962 Castra
693 871 745 954 ibi
762 887 829 952 Cn.
842 877 1008 953 Fulvius³
1027 884 1226 981 proconsul

159 992 337 1082 habebat,
360 1017 424 1091 spe
448 992 664 1092 recipienda
686 992 904 1076 Herdoneae,
930 1016 1010 1088 quae
1033 1005 1117 1088 post
1139 1017 1225 1065 can-

160 1128 309 1176 nensem
329 1103 466 1175 cladem
485 1099 531 1185 ab
547 1103 719 1174 Romanis
734 1101 934 1187 defecerat,
953 1125 1022 1173 nee
1040 1101 1122 1174 loco
1142 1104 1225 1174 satis

158 1229 239 1285 tuto
260 1215 395 1311 posita,
415 1238 482 1284 nec
498 1213 672 1312 praesidiis
689 1211 841 1284 firmata.
862 1211 1125 1310 Negligentiam
1142 1213 1226 1284 insi-

158 1336 231 1394 tam
245 1324 393 1419 ingenio
408 1322 509 1394 ducis
523 1322 679 1420 augebat
692 1346 774 1421 spes
788 1346 847 1410 ea,
860 1322 964 1419 quod
977 1320 1098 1393 labare
1114 1323 1156 1394 iis
1169 1322 1227 1395 ad·
1315 1350 1317 1353 ·

158 1457 283 1506 versus
307 1439 460 1504 Poenum
485 1431 623 1505 fidem4
644 1446 822 1520 senserat,
848 1445 1062 1528 postquam,
1087 1431 1227 1530 Salapia

158 1545 285 1614 amissa
294 1546 509 1632 ,excessisse
523 1544 580 1615 his
594 1544 682 1615 locis
695 1543 732 1612 in
744 1543 904 1612 Bruttios
913 1540 1154 1614 Hannibalem
1168 1567 1228 1616 au·
1263 1610 1265 1614 ,

158 1656 274 1726 ditum
292 1670 356 1727 est.
382 1661 433 1727 Ea
455 1654 598 1744 omnia,
616 1652 662 1724 ab
682 1650 875 1724 Herdonea
895 1653 1057 1723 occultos
1074 1654 1225 1725 nuntios

158 1766 276 1837 delata
289 1765 497 1853 Hannibali,
514 1764 620 1836 simul
635 1768 759 1834 curam
773 1755 1091 1833 sociae'retinendae
1106 1761 1225 1848 urbis,

158 1889 194 1945 et
214 1900 316 1974 spem
335 1872 452 1947 iecere
470 1877 657 1946 incautum
679 1873 822 1945 hostem
843 1871 1087 1970 aggrediendi.
1111 1876 1226 1944 Exer-

157 1985 233 2054 citu
247 1985 433 2083 expedito,
447 1986 551 2056 itaut
566 1983 695 2055 famam
710 2007 827 2082 prope
837 1983 1071 2080 praeveniret,
1085 1985 1225 2081 magnis

157 2089 348 2167 itineribus
366 2095 412 2167 ad
423 2093 657 2167 Herdoneam
671 2093 879 2180 contendit,
896 2107 952 2182 et,
968 2118 1044 2190 quo
1060 2094 1143 2191 plus
1161 2109 1226 2167 ter·

156 2207 248 2276 roris
265 2205 363 2277 hosti
383 2205 578 2301 objiceret,
600 2207 674 2276 acie
700 2207 875 2277 instructa
894 2205 1052 2275 accessit.
1072 2211 1139 2276 Par
1159 2230 1225 2277 au·

157 2315 258 2387 dacia
274 2322 471 2405 Romanus,
490 2315 643 2389 consilio
664 2331 700 2388 et
719 2315 858 2387 viribus
873 2317 1010 2414 impar,
1035 2317 1148 2415 copiis
1167 2341 1224 2389 ra·

156 2429 248 2524 ptim
271 2426 428 2517 eductis,
449 2427 612 2499 conflixit
636 2454 644 2495 ε
668 2428 796 2524 quinta
813 2426 910 2524 legio
926 2441 963 2497 et
981 2422 1148 2497 sinistra⁵
1169 2425 1224 2498 ala

158 2540 287 2607 acriter
307 2563 464 2636 pugnam
490 2541 659 2610 inierunt.
688 2540 868 2608 Caeterum
888 2535 1092 2623 Hannibal,
1118 2538 1224 2635 signo

157 2646 341 2742 equitibus
354 2649 460 2736 dato,
474 2664 533 2736 ut,
550 2673 665 2746 quum
678 2648 866 2745 pedestres
879 2648 972 2717 acies
986 2663 1225 2745 occupassent

157 2763 325 2857 praesenti
350 2764 546 2835 certamine
573 2761 699 2833 oculos
718 2762 954 2857 animosque,
973 2763 1223 2850 circumvecti,

156 2895 240 2968 pars
260 2886 374 2943 castra
392 2871 574 2960 hostium,
592 2897 675 2970 pars
696 2884 794 2967 terga
816 2865 1103 2966 trepidantium⁶
1120 2871 1222 2941 inva-

157 3121 275 3173 quantum
281 3129 292 3169 ,·
303 3128 327 3158 v.
341 3112 372 3159 nd
381 3115 419 3170 11,
435 3113 483 3173 39,
496 3127 522 3158 n.
538 3127 604 3159 1.-
614 3113 666 3157 Du·
747 3107 909 3164 t.Labareiis
916 3106 1223 3176 (Herdonsatibus)fidem,·

156 3201 228 3236 centa
252 3189 418 3256 quadraginta
439 3190 518 3238 millia
540 3189 648 3236 modium
655 3190 681 3246 ,·’
710 3189 796 3236 confer
807 3187 839 3234 ad
853 3189 892 3244 11,
907 3189 991 3251 39‚n.
1002 3202 1027 3249 9.

155 3268 290 3316 seeundum
304 3271 375 3320 Crev.
388 3270 507 3327 rationes,
518 3267 597 3316 modii
609 3279 666 3316 sunt
745 3269 770 3316 5.
781 3267 885 3316 Sinistra
896 3268 940 3317 ala
947 3286 957 3326 ,·
970 3268 1026 3316 vide
1038 3267 1069 3314 ad
1078 3267 1164 3326 XXV,
1176 3282 1221 3327 21,

156 3347 302 3397 Parislenses
323 3349 457 3408 185,ooo:
483 3349 582 3396 Centum
605 3362 665 3395 vero
709 3356 770 3404 nt.

157 3425 239 3473 decem
251 3427 341 3486 millia,
359 3428 437 3476 modii
446 3425 533 3475 itidem
544 3437 666 3475 nostrates
745 3428 770 3475 6.
786 3427 864 3491 Terga
875 3426 1061 3490 trepidantium,
1075 3425 1170 3474 fortiter
1183 3441 1221 3472 ar-

157 3505 323 3567 paulominus
336 3507 497 3569 8t,792.En.
710 3505 1091 3570 dentesquepugnantinmznam
1099 3503 1222 3568 trepidare

191 3599 216 3632 n.
237 3586 338 3647 Quanta
360 3585 588 3648 clades...accepta
612 3596 664 3642 est,
710 3585 837 3632 notionem
849 3584 1011 3634 festinationis
1028 3596 1052 3632 et
1065 3582 1232 3647 cupiditatis,‘

156 3679 240 3727 propr.
251 3675 369 3726 quantum
378 3663 666 3728 tristitlaeeelade,qu2
710 3665 805 3727 querci
821 3664 918 3713 cuidam
933 3662 1161 3722 insistitur,habst:
1174 3679 1220 3711 nec
1322 3723 1325 3727 ⁴

156 3740 268 3788 -ltand
273 3743 365 3806 procul
374 3744 406 3790 ab
413 3744 559 3799 Hordeum
569 3743 626 3790 vide
634 3743 666 3791 ad
710 3759 761 3808 praa
777 3744 864 3791 timore
886 3754 995 3800 tantum,
1018 3742 1062 3791 sed
1082 3742 1153 3790 etiam
1168 3757 1220 3807 pne

156 3821 254 3877 XXIV,
267 3837 313 3880 ao,
322 3838 348 3869 n.
360 3823 383 3870 5.
709 3838 784 3872 morae
794 3821 944 3887 impatientia
953 3832 978 3871 et
991 3821 1066 3871 animi
1077 3820 1164 3870 ardore
1176 3833 1221 3869 m·

193 3900 216 3948 3.
224 3901 267 3950 Cn,
275 3902 370 3949 Fulvius
378 3902 665 3960 Centumalus‚divcrsus
705 3902 793 3966 pidari
806 3901 882 3960 solet;
892 3902 968 3951 Doer.
977 3901 1037 3950 llaec
1049 3901 1168 3965 exemplis
1179 3899 1221 3948 fir·
1286 3962 1289 3968 Ι

156 3997 168 4025 a
182 3981 228 4030 Cn.
238 3980 325 4028 Fulvio
337 3981 439 4039 Flacco,
458 3981 502 4044 qui
514 3979 546 4028 ad
556 3981 665 4030 eamdem
709 3992 806 4028 marunt
815 3981 893 4030 Gran.
909 3991 933 4028 et
944 3979 1020 4028 Diali.
1035 3980 1126 4031 Confer
1137 3991 1219 4029 tamen

157 4059 397 4108 Herdoneamvictus
408 4059 610 4119 est3iideXllV,
622 4077 663 4107 ar.
709 4060 740 4107 ad
753 4062 778 4117 Ι,
794 4066 839 4116 tt,
852 4076 876 4106 n.
892 4060 921 4116 6,
933 4071 956 4106 et
969 4061 1008 4107 Ill
1015 4067 1077 4121 asp,
1087 4077 1112 4108 n.
1125 4069 1148 4117 4.
1163 4060 1219 4107 Cre·
1324 4092 1327 4101 ,
