<?xml version="1.0" encoding="UTF-8"?>
<!DOCTYPE html PUBLIC "-//W3C//DTD XHTML 1.0 Transitional//EN"
    "http://www.w3.org/TR/xhtml1/DTD/xhtml1-transitional.dtd">
<html xmlns="http://www.w3.org/1999/xhtml" xml:lang="en" lang="en">
 <head>
  <title>
</title>
<meta http-equiv="Content-Type" content="text/html;charset=utf-8" />
  <meta name='ocr-system' content='tesseract 3.04.00' />
  <meta name='ocr-capabilities' content='ocr_page ocr_carea ocr_par ocr_line ocrx_word'/>
</head>
<body>
  <div class='ocr_page' id='page_1' title='image "./titusliviuspata04freigoog_0444.png"; bbox 0 0 2768 4574; ppageno 0'>
   <div class='ocr_carea' id='block_1_1' title="bbox 183 268 1211 417">
    <p class='ocr_par' dir='ltr' id='par_1_1' title="bbox 183 268 1211 417">
     <span class='ocr_line' id='line_1_1' title="bbox 183 268 1211 417; baseline -0.002 -25"><span class='ocrx_word' id='word_1_1' title='bbox 183 268 299 417; x_wconf 56' lang='lat' dir='ltr'><strong>3223ssss</strong></span> <span class='ocrx_word' id='word_1_2' title='bbox 327 323 422 390; x_wconf 84' lang='lat' dir='ltr'><strong>mn.</strong></span> <span class='ocrx_word' id='word_1_3' title='bbox 449 320 630 388; x_wconf 85' lang='lat' dir='ltr'><strong>xxvm.</strong></span> <span class='ocrx_word' id='word_1_4' title='bbox 658 320 763 388; x_wconf 74' lang='lat' dir='ltr'><strong>cur.</strong></span> <span class='ocrx_word' id='word_1_5' title='bbox 792 320 903 387; x_wconf 71' lang='lat' dir='ltr'><strong>xiv.</strong></span> <span class='ocrx_word' id='word_1_6' title='bbox 930 320 1061 388; x_wconf 75' lang='lat' dir='ltr'><strong>xnvr.</strong></span> <span class='ocrx_word' id='word_1_7' title='bbox 1140 318 1211 413; x_wconf 68' lang='lat'><strong>439</strong></span> 
     </span>
    </p>
   </div>
   <div class='ocr_carea' id='block_1_2' title="bbox 87 441 1299 2295">
    <p class='ocr_par' dir='ltr' id='par_1_2' title="bbox 87 441 1299 2295">
     <span class='ocr_line' id='line_1_2' title="bbox 156 441 1211 540; baseline -0.001 -24"><span class='ocrx_word' id='word_1_8' title='bbox 156 445 343 519; x_wconf 87' lang='lat' dir='ltr'><strong>dederunt.</strong></span> <span class='ocrx_word' id='word_1_9' title='bbox 360 449 552 529; x_wconf 82' lang='lat' dir='ltr'><strong>Camertes,</strong></span> <span class='ocrx_word' id='word_1_10' title='bbox 563 468 674 540; x_wconf 89' lang='lat' dir='ltr'><strong>quum</strong></span> <span class='ocrx_word' id='word_1_11' title='bbox 686 467 790 538; x_wconf 86' lang='lat' dir='ltr'><strong>aequo</strong></span> <span class='ocrx_word' id='word_1_12' title='bbox 800 441 934 514; x_wconf 84' lang='lat' dir='ltr'><strong>foedere</strong></span> <span class='ocrx_word' id='word_1_13' title='bbox 946 469 1029 514; x_wconf 94' lang='lat' dir='ltr'><strong>cum</strong></span> <span class='ocrx_word' id='word_1_14' title='bbox 1042 447 1211 516; x_wconf 86' lang='lat' dir='ltr'><strong>Romanis</strong></span> 
     </span>
     <span class='ocr_line' id='line_1_3' title="bbox 157 551 1211 643; baseline -0.003 -15"><span class='ocrx_word' id='word_1_15' title='bbox 157 567 328 643; x_wconf 85' lang='lat' dir='ltr'><strong>essent¹¹‚</strong></span> <span class='ocrx_word' id='word_1_16' title='bbox 345 554 531 626; x_wconf 89' lang='lat' dir='ltr'><strong>cohortem</strong></span> <span class='ocrx_word' id='word_1_17' title='bbox 553 567 722 623; x_wconf 83' lang='lat' dir='ltr'><strong>armatam</strong></span> <span class='ocrx_word' id='word_1_18' title='bbox 746 565 998 622; x_wconf 87' lang='lat' dir='ltr'><strong>sexcentorum</strong></span> <span class='ocrx_word' id='word_1_19' title='bbox 1021 551 1211 625; x_wconf 92' lang='lat' dir='ltr'><strong>hominum</strong></span> 
     </span>
     <span class='ocr_line' id='line_1_4' title="bbox 157 662 1211 762; baseline -0.001 -26"><span class='ocrx_word' id='word_1_20' title='bbox 157 669 341 739; x_wconf 90' lang='lat' dir='ltr'><strong>miserunt.</strong></span> <span class='ocrx_word' id='word_1_21' title='bbox 366 666 524 762; x_wconf 82' lang='lat' dir='ltr'>Triginta</span> <span class='ocrx_word' id='word_1_22' title='bbox 549 665 692 734; x_wconf 86' lang='lat' dir='ltr'><strong>navium</strong></span> <span class='ocrx_word' id='word_1_23' title='bbox 720 663 861 748; x_wconf 83' lang='lat' dir='ltr'><strong>carinae,</strong></span> <span class='ocrx_word' id='word_1_24' title='bbox 882 662 1008 757; x_wconf 87' lang='lat' dir='ltr'><strong>viginti</strong></span> <span class='ocrx_word' id='word_1_25' title='bbox 1030 665 1211 760; x_wconf 91' lang='lat' dir='ltr'><strong>quinque·</strong></span> 
     </span>
     <span class='ocr_line' id='line_1_5' title="bbox 156 772 1209 870; baseline -0.006 -22"><span class='ocrx_word' id='word_1_26' title='bbox 156 802 290 861; x_wconf 88' lang='lat' dir='ltr'><strong>remes,</strong></span> <span class='ocrx_word' id='word_1_27' title='bbox 313 776 437 847; x_wconf 89' lang='lat' dir='ltr'><strong>decem</strong></span> <span class='ocrx_word' id='word_1_28' title='bbox 465 772 727 870; x_wconf 80' lang='lat' dir='ltr'><strong>quadriremes,</strong></span> <span class='ocrx_word' id='word_1_29' title='bbox 752 795 868 866; x_wconf 92' lang='lat' dir='ltr'><strong>quum</strong></span> <span class='ocrx_word' id='word_1_30' title='bbox 889 779 1049 840; x_wconf 82' lang='lat' dir='ltr'><strong>essent¹²</strong></span> <span class='ocrx_word' id='word_1_31' title='bbox 1067 774 1209 867; x_wconf 73' lang='lat' dir='ltr'><strong>positae,</strong></span> 
     </span>
     <span class='ocr_line' id='line_1_6' title="bbox 157 879 1299 983; baseline -0.011 -26"><span class='ocrx_word' id='word_1_32' title='bbox 157 887 234 983; x_wconf 91' lang='lat' dir='ltr'><strong>ipse</strong></span> <span class='ocrx_word' id='word_1_33' title='bbox 252 888 300 956; x_wconf 90' lang='lat' dir='ltr'><strong>ita</strong></span> <span class='ocrx_word' id='word_1_34' title='bbox 325 885 452 954; x_wconf 89' lang='lat' dir='ltr'><strong>institit</strong></span> <span class='ocrx_word' id='word_1_35' title='bbox 476 884 597 980; x_wconf 84' lang='lat' dir='ltr'><strong>operi,</strong></span> <span class='ocrx_word' id='word_1_36' title='bbox 616 896 657 951; x_wconf 91' lang='lat' dir='ltr'><strong>nt</strong></span> <span class='ocrx_word' id='word_1_37' title='bbox 684 881 740 949; x_wconf 90' lang='lat' dir='ltr'><strong>die</strong></span> <span class='ocrx_word' id='word_1_38' title='bbox 768 879 1039 975; x_wconf 87' lang='lat' dir='ltr'><strong>quadragesimo</strong></span> <span class='ocrx_word' id='word_1_39' title='bbox 1063 883 1210 977; x_wconf 86' lang='lat' dir='ltr'><strong>quinto,</strong></span> <span class='ocrx_word' id='word_1_40' title='bbox 1263 946 1266 953; x_wconf 77' lang='grc'><strong>,</strong></span> <span class='ocrx_word' id='word_1_41' title='bbox 1298 940 1299 945; x_wconf 75' lang='grc'>,</span> 
     </span>
     <span class='ocr_line' id='line_1_7' title="bbox 158 990 1217 1092; baseline -0.005 -26"><span class='ocrx_word' id='word_1_42' title='bbox 158 1021 266 1092; x_wconf 89' lang='lat' dir='ltr'><strong>quam</strong></span> <span class='ocrx_word' id='word_1_43' title='bbox 286 1021 330 1066; x_wconf 86' lang='lat' dir='ltr'><strong>ex</strong></span> <span class='ocrx_word' id='word_1_44' title='bbox 348 994 442 1064; x_wconf 87' lang='lat' dir='ltr'><strong>silvis</strong></span> <span class='ocrx_word' id='word_1_45' title='bbox 458 992 615 1063; x_wconf 87' lang='lat' dir='ltr'><strong>detracta</strong></span> <span class='ocrx_word' id='word_1_46' title='bbox 634 991 782 1061; x_wconf 87' lang='lat' dir='ltr'><strong>materia</strong></span> <span class='ocrx_word' id='word_1_47' title='bbox 797 1004 887 1077; x_wconf 90' lang='lat' dir='ltr'><strong>erat,</strong></span> <span class='ocrx_word' id='word_1_48' title='bbox 905 990 1217 1061; x_wconf 86' lang='lat' dir='ltr'><strong>navesinstructae·</strong></span> 
     </span>
     <span class='ocr_line' id='line_1_8' title="bbox 157 1100 1188 1200; baseline -0.011 -24"><span class='ocrx_word' id='word_1_49' title='bbox 157 1119 372 1200; x_wconf 83' lang='lat' dir='ltr'><strong>armataeque</strong></span> <span class='ocrx_word' id='word_1_50' title='bbox 388 1104 426 1172; x_wconf 93' lang='lat' dir='ltr'><strong>in</strong></span> <span class='ocrx_word' id='word_1_51' title='bbox 445 1125 573 1198; x_wconf 88' lang='lat' dir='ltr'><strong>aquam</strong></span> <span class='ocrx_word' id='word_1_52' title='bbox 592 1100 754 1170; x_wconf 79' lang='lat' dir='ltr'><strong>deductae</strong></span> <span class='ocrx_word' id='word_1_53' title='bbox 768 1100 849 1169; x_wconf 87' lang='lat' dir='ltr'><strong>sint.</strong></span> <span class='ocrx_word' id='word_1_54' title='bbox 1185 1191 1188 1195; x_wconf 20' lang='grc' dir='ltr'><strong><em>Ι</em></strong></span> 
     </span>
     <span class='ocr_line' id='line_1_9' title="bbox 204 1208 1218 1307; baseline -0.005 -23"><span class='ocrx_word' id='word_1_55' title='bbox 204 1218 326 1284; x_wconf 85' lang='lat' dir='ltr'><strong>XLVI.</strong></span> <span class='ocrx_word' id='word_1_56' title='bbox 355 1209 537 1283; x_wconf 73' lang='lat' dir='ltr'><strong>Profectus</strong></span> <span class='ocrx_word' id='word_1_57' title='bbox 566 1212 604 1280; x_wconf 92' lang='lat' dir='ltr'><strong>in</strong></span> <span class='ocrx_word' id='word_1_58' title='bbox 633 1211 785 1282; x_wconf 88' lang='lat' dir='ltr'><strong>Siciliam</strong></span> <span class='ocrx_word' id='word_1_59' title='bbox 811 1224 865 1281; x_wconf 90' lang='lat' dir='ltr'><strong>est</strong></span> <span class='ocrx_word' id='word_1_60' title='bbox 889 1211 1035 1307; x_wconf 87' lang='lat' dir='ltr'><strong>triginta</strong></span> <span class='ocrx_word' id='word_1_61' title='bbox 1061 1208 1218 1280; x_wconf 86' lang='lat' dir='ltr'><strong>navibus</strong></span> 
     </span>
     <span class='ocr_line' id='line_1_10' title="bbox 157 1318 1214 1419; baseline -0.001 -28"><span class='ocrx_word' id='word_1_62' title='bbox 157 1322 291 1419; x_wconf 88' lang='lat' dir='ltr'><strong>longis,</strong></span> <span class='ocrx_word' id='word_1_63' title='bbox 304 1322 586 1391; x_wconf 87' lang='lat' dir='ltr'><strong>voluntariorum</strong></span> <span class='ocrx_word' id='word_1_64' title='bbox 603 1334 740 1417; x_wconf 85' lang='lat' dir='ltr'><strong>septem</strong></span> <span class='ocrx_word' id='word_1_65' title='bbox 755 1318 867 1390; x_wconf 90' lang='lat' dir='ltr'><strong>ferme</strong></span> <span class='ocrx_word' id='word_1_66' title='bbox 879 1320 1036 1391; x_wconf 89' lang='lat' dir='ltr'><strong>millibus</strong></span> <span class='ocrx_word' id='word_1_67' title='bbox 1052 1320 1090 1389; x_wconf 88' lang='lat' dir='ltr'><strong>in</strong></span> <span class='ocrx_word' id='word_1_68' title='bbox 1105 1342 1214 1390; x_wconf 90' lang='lat' dir='ltr'><strong>naves</strong></span> 
     </span>
     <span class='ocr_line' id='line_1_11' title="bbox 156 1429 1218 1529; baseline -0.005 -27"><span class='ocrx_word' id='word_1_69' title='bbox 156 1432 350 1529; x_wconf 86' lang='lat' dir='ltr'><strong>impositis:</strong></span> <span class='ocrx_word' id='word_1_70' title='bbox 368 1446 402 1501; x_wconf 94' lang='lat' dir='ltr'><strong>et</strong></span> <span class='ocrx_word' id='word_1_71' title='bbox 413 1435 448 1501; x_wconf 92' lang='lat' dir='ltr'><strong>P.</strong></span> <span class='ocrx_word' id='word_1_72' title='bbox 465 1431 621 1501; x_wconf 89' lang='lat' dir='ltr'><strong>Licinius</strong></span> <span class='ocrx_word' id='word_1_73' title='bbox 639 1431 677 1498; x_wconf 92' lang='lat' dir='ltr'><strong>in</strong></span> <span class='ocrx_word' id='word_1_74' title='bbox 693 1430 850 1500; x_wconf 91' lang='lat' dir='ltr'><strong>Bruttios</strong></span> <span class='ocrx_word' id='word_1_75' title='bbox 869 1429 915 1499; x_wconf 82' lang='lat' dir='ltr'><strong>ad</strong></span> <span class='ocrx_word' id='word_1_76' title='bbox 931 1430 1023 1500; x_wconf 91' lang='lat' dir='ltr'><strong>duos</strong></span> <span class='ocrx_word' id='word_1_77' title='bbox 1038 1430 1218 1500; x_wconf 84' lang='lat' dir='ltr'><strong>exercitus</strong></span> 
     </span>
     <span class='ocr_line' id='line_1_12' title="bbox 87 1537 1218 1635; baseline -0.007 -22"><span class='ocrx_word' id='word_1_78' title='bbox 87 1587 92 1594; x_wconf 91' lang='lat'>-</span> <span class='ocrx_word' id='word_1_79' title='bbox 157 1540 362 1613; x_wconf 89' lang='lat' dir='ltr'><strong>consulares</strong></span> <span class='ocrx_word' id='word_1_80' title='bbox 393 1541 502 1611; x_wconf 88' lang='lat' dir='ltr'><strong>venit.</strong></span> <span class='ocrx_word' id='word_1_81' title='bbox 536 1543 588 1608; x_wconf 84' lang='lat' dir='ltr'><strong>Ex</strong></span> <span class='ocrx_word' id='word_1_82' title='bbox 617 1539 667 1608; x_wconf 89' lang='lat' dir='ltr'><strong>eis</strong></span> <span class='ocrx_word' id='word_1_83' title='bbox 692 1562 775 1609; x_wconf 89' lang='lat' dir='ltr'><strong>eum</strong></span> <span class='ocrx_word' id='word_1_84' title='bbox 808 1537 875 1608; x_wconf 90' lang='lat' dir='ltr'><strong>sibi</strong></span> <span class='ocrx_word' id='word_1_85' title='bbox 904 1539 1076 1635; x_wconf 87' lang='lat' dir='ltr'><strong>sumpsit,</strong></span> <span class='ocrx_word' id='word_1_86' title='bbox 1104 1559 1218 1633; x_wconf 54' lang='lat' dir='ltr'><strong>quem⁸</strong></span> 
     </span>
     <span class='ocr_line' id='line_1_13' title="bbox 157 1637 1214 1743; baseline -0.005 -22"><span class='ocrx_word' id='word_1_87' title='bbox 157 1655 196 1721; x_wconf 85' lang='lat' dir='ltr'><strong>L.</strong></span> <span class='ocrx_word' id='word_1_88' title='bbox 213 1649 382 1719; x_wconf 84' lang='lat' dir='ltr'><strong>Veturius</strong></span> <span class='ocrx_word' id='word_1_89' title='bbox 409 1648 536 1719; x_wconf 91' lang='lat' dir='ltr'><strong>consul</strong></span> <span class='ocrx_word' id='word_1_90' title='bbox 564 1646 766 1718; x_wconf 89' lang='lat' dir='ltr'><strong>habuerat:</strong></span> <span class='ocrx_word' id='word_1_91' title='bbox 792 1637 959 1732; x_wconf 82' lang='lat' dir='ltr'><strong>Metello,</strong></span> <span class='ocrx_word' id='word_1_92' title='bbox 987 1661 1048 1728; x_wconf 91' lang='lat' dir='ltr'><strong>ut,</strong></span> <span class='ocrx_word' id='word_1_93' title='bbox 1080 1646 1214 1743; x_wconf 87' lang='lat' dir='ltr'><strong>quibus</strong></span> 
     </span>
     <span class='ocr_line' id='line_1_14' title="bbox 158 1754 1214 1856; baseline -0.003 -28"><span class='ocrx_word' id='word_1_94' title='bbox 158 1757 356 1856; x_wconf 69' lang='lat' dir='ltr'><strong>praefuisset</strong></span> <span class='ocrx_word' id='word_1_95' title='bbox 377 1756 598 1856; x_wconf 84' lang='lat' dir='ltr'><strong>legionibus,</strong></span> <span class='ocrx_word' id='word_1_96' title='bbox 618 1757 658 1826; x_wconf 92' lang='lat' dir='ltr'><strong>iis</strong></span> <span class='ocrx_word' id='word_1_97' title='bbox 684 1769 852 1853; x_wconf 86' lang='lat' dir='ltr'><strong>praeesset</strong></span> <span class='ocrx_word' id='word_1_98' title='bbox 866 1754 1029 1852; x_wconf 77' lang='lat' dir='ltr'><strong>(facilius</strong></span> <span class='ocrx_word' id='word_1_99' title='bbox 1053 1769 1134 1825; x_wconf 87' lang='lat' dir='ltr'><strong>cum</strong></span> <span class='ocrx_word' id='word_1_100' title='bbox 1158 1780 1214 1825; x_wconf 88' lang='lat' dir='ltr'><strong>as-</strong></span> 
     </span>
     <span class='ocr_line' id='line_1_15' title="bbox 159 1864 1218 1965; baseline -0.007 -26"><span class='ocrx_word' id='word_1_101' title='bbox 159 1870 269 1939; x_wconf 89' lang='lat' dir='ltr'><strong>suetis</strong></span> <span class='ocrx_word' id='word_1_102' title='bbox 301 1869 452 1965; x_wconf 91' lang='lat' dir='ltr'><strong>imperio</strong></span> <span class='ocrx_word' id='word_1_103' title='bbox 484 1891 561 1938; x_wconf 91' lang='lat' dir='ltr'><strong>rem</strong></span> <span class='ocrx_word' id='word_1_104' title='bbox 591 1881 776 1964; x_wconf 89' lang='lat' dir='ltr'><strong>gesturum</strong></span> <span class='ocrx_word' id='word_1_105' title='bbox 803 1864 943 1959; x_wconf 88' lang='lat' dir='ltr'><strong>ratus),</strong></span> <span class='ocrx_word' id='word_1_106' title='bbox 975 1864 1158 1961; x_wconf 88' lang='lat' dir='ltr'><strong>permisit:</strong></span> <span class='ocrx_word' id='word_1_107' title='bbox 1179 1877 1218 1933; x_wconf 87' lang='lat' dir='ltr'><strong>et</strong></span> 
     </span>
     <span class='ocr_line' id='line_1_16' title="bbox 159 1973 1215 2076; baseline -0.006 -29"><span class='ocrx_word' id='word_1_108' title='bbox 159 1993 328 2076; x_wconf 81' lang='lat' dir='ltr'><strong>praetores</strong></span> <span class='ocrx_word' id='word_1_109' title='bbox 347 1977 475 2047; x_wconf 90' lang='lat' dir='ltr'><strong>diversi</strong></span> <span class='ocrx_word' id='word_1_110' title='bbox 492 1979 530 2047; x_wconf 93' lang='lat' dir='ltr'><strong>in</strong></span> <span class='ocrx_word' id='word_1_111' title='bbox 550 1977 752 2073; x_wconf 86' lang='lat' dir='ltr'><strong>provincias</strong></span> <span class='ocrx_word' id='word_1_112' title='bbox 771 1973 941 2073; x_wconf 84' lang='lat' dir='ltr'><strong>profecti¹</strong></span> <span class='ocrx_word' id='word_1_113' title='bbox 962 2000 969 2042; x_wconf 91' lang='lat'>:</span> <span class='ocrx_word' id='word_1_114' title='bbox 992 1987 1028 2044; x_wconf 88' lang='lat' dir='ltr'><strong>et</strong></span> <span class='ocrx_word' id='word_1_115' title='bbox 1047 1974 1130 2070; x_wconf 87' lang='lat' dir='ltr'><strong>quia</strong></span> <span class='ocrx_word' id='word_1_116' title='bbox 1149 1997 1215 2069; x_wconf 88' lang='lat' dir='ltr'><strong>pe-</strong></span> 
     </span>
     <span class='ocr_line' id='line_1_17' title="bbox 159 2084 1220 2185; baseline -0.007 -23"><span class='ocrx_word' id='word_1_117' title='bbox 159 2092 263 2162; x_wconf 89' lang='lat' dir='ltr'><strong>cunia</strong></span> <span class='ocrx_word' id='word_1_118' title='bbox 273 2090 317 2160; x_wconf 91' lang='lat' dir='ltr'><strong>ad</strong></span> <span class='ocrx_word' id='word_1_119' title='bbox 327 2089 608 2177; x_wconf 84' lang='lat' dir='ltr'><strong>bellumdeerat,</strong></span> <span class='ocrx_word' id='word_1_120' title='bbox 618 2090 692 2184; x_wconf 88' lang='lat' dir='ltr'><strong>agri</strong></span> <span class='ocrx_word' id='word_1_121' title='bbox 701 2088 864 2185; x_wconf 87' lang='lat' dir='ltr'><strong>campani</strong></span> <span class='ocrx_word' id='word_1_122' title='bbox 874 2088 1077 2184; x_wconf 88' lang='lat' dir='ltr'><strong>regionem,</strong></span> <span class='ocrx_word' id='word_1_123' title='bbox 1090 2084 1220 2156; x_wconf 77' lang='lat' dir='ltr'><strong>afossn</strong></span> 
     </span>
     <span class='ocr_line' id='line_1_18' title="bbox 159 2196 1217 2295; baseline 0 -29"><span class='ocrx_word' id='word_1_124' title='bbox 159 2222 270 2295; x_wconf 79' lang='lat' dir='ltr'><strong>graeca</strong></span> <span class='ocrx_word' id='word_1_125' title='bbox 290 2196 335 2266; x_wconf 86' lang='lat' dir='ltr'><strong>ad</strong></span> <span class='ocrx_word' id='word_1_126' title='bbox 354 2221 451 2266; x_wconf 91' lang='lat' dir='ltr'><strong>mare</strong></span> <span class='ocrx_word' id='word_1_127' title='bbox 469 2221 626 2280; x_wconf 88' lang='lat' dir='ltr'><strong>versam,</strong></span> <span class='ocrx_word' id='word_1_128' title='bbox 645 2196 802 2269; x_wconf 85' lang='lat' dir='ltr'><strong>vendere</strong></span> <span class='ocrx_word' id='word_1_129' title='bbox 820 2212 1014 2294; x_wconf 82' lang='lat' dir='ltr'><strong>quaestores</strong></span> <span class='ocrx_word' id='word_1_130' title='bbox 1033 2197 1139 2291; x_wconf 82' lang='lat' dir='ltr'><strong>jussi3</strong></span> <span class='ocrx_word' id='word_1_131' title='bbox 1164 2198 1217 2266; x_wconf 90' lang='lat' dir='ltr'><strong>in-</strong></span> 
     </span>
    </p>
   </div>
   <div class='ocr_carea' id='block_1_3' title="bbox 159 2305 1221 2732">
    <p class='ocr_par' dir='ltr' id='par_1_3' title="bbox 159 2305 1221 2732">
     <span class='ocr_line' id='line_1_19' title="bbox 160 2305 1221 2404; baseline 0 -27"><span class='ocrx_word' id='word_1_132' title='bbox 160 2307 252 2378; x_wconf 88' lang='lat' dir='ltr'><strong>dicio</strong></span> <span class='ocrx_word' id='word_1_133' title='bbox 261 2331 408 2404; x_wconf 91' lang='lat' dir='ltr'><strong>quoque</strong></span> <span class='ocrx_word' id='word_1_134' title='bbox 419 2307 592 2402; x_wconf 89' lang='lat' dir='ltr'><strong>permisso</strong></span> <span class='ocrx_word' id='word_1_135' title='bbox 600 2316 627 2390; x_wconf 77' lang='lat'><strong>²,</strong></span> <span class='ocrx_word' id='word_1_136' title='bbox 638 2307 706 2402; x_wconf 91' lang='lat' dir='ltr'><strong>qui·</strong></span> <span class='ocrx_word' id='word_1_137' title='bbox 713 2332 795 2404; x_wconf 89' lang='lat' dir='ltr'><strong>ager</strong></span> <span class='ocrx_word' id='word_1_138' title='bbox 809 2309 894 2378; x_wconf 91' lang='lat' dir='ltr'><strong>civis</strong></span> <span class='ocrx_word' id='word_1_139' title='bbox 904 2308 1066 2404; x_wconf 85' lang='lat' dir='ltr'><strong>campani</strong></span> <span class='ocrx_word' id='word_1_140' title='bbox 1074 2305 1221 2393; x_wconf 86' lang='lat' dir='ltr'><strong>fuisset,</strong></span> 
     </span>
     <span class='ocr_line' id='line_1_20' title="bbox 160 2415 1221 2514; baseline -0.002 -27"><span class='ocrx_word' id='word_1_141' title='bbox 160 2432 200 2487; x_wconf 92' lang='lat' dir='ltr'><strong>ut</strong></span> <span class='ocrx_word' id='word_1_142' title='bbox 216 2419 246 2486; x_wconf 92' lang='lat' dir='ltr'><strong>is</strong></span> <span class='ocrx_word' id='word_1_143' title='bbox 271 2415 438 2514; x_wconf 89' lang='lat' dir='ltr'><strong>publicus</strong></span> <span class='ocrx_word' id='word_1_144' title='bbox 459 2416 585 2513; x_wconf 89' lang='lat' dir='ltr'><strong>populi</strong></span> <span class='ocrx_word' id='word_1_145' title='bbox 604 2418 744 2486; x_wconf 87' lang='lat' dir='ltr'><strong>romani</strong></span> <span class='ocrx_word' id='word_1_146' title='bbox 762 2431 854 2487; x_wconf 90' lang='lat' dir='ltr'><strong>esset</strong></span> <span class='ocrx_word' id='word_1_147' title='bbox 874 2443 880 2485; x_wconf 94' lang='lat'><strong>:</strong></span> <span class='ocrx_word' id='word_1_148' title='bbox 901 2417 1011 2487; x_wconf 92' lang='lat' dir='ltr'><strong>indici</strong></span> <span class='ocrx_word' id='word_1_149' title='bbox 1031 2417 1221 2514; x_wconf 83' lang='lat' dir='ltr'><strong>praemium.</strong></span> 
     </span>
     <span class='ocr_line' id='line_1_21' title="bbox 159 2526 1219 2623; baseline -0.004 -25"><span class='ocrx_word' id='word_1_150' title='bbox 159 2528 418 2610; x_wconf 89' lang='lat' dir='ltr'><strong>constitutum,</strong></span> <span class='ocrx_word' id='word_1_151' title='bbox 436 2541 579 2621; x_wconf 67' lang='lat' dir='ltr'><strong>quantae</strong></span> <span class='ocrx_word' id='word_1_152' title='bbox 607 2527 765 2623; x_wconf 85' lang='lat' dir='ltr'><strong>pecuniae</strong></span> <span class='ocrx_word' id='word_1_153' title='bbox 794 2550 877 2620; x_wconf 86' lang='lat' dir='ltr'><strong>ager</strong></span> <span class='ocrx_word' id='word_1_154' title='bbox 903 2526 1081 2596; x_wconf 88' lang='lat' dir='ltr'><strong>indicatus</strong></span> <span class='ocrx_word' id='word_1_155' title='bbox 1103 2540 1219 2608; x_wconf 89' lang='lat' dir='ltr'><strong>esset,</strong></span> 
     </span>
     <span class='ocr_line' id='line_1_22' title="bbox 160 2633 1217 2732; baseline -0.005 -27"><span class='ocrx_word' id='word_1_156' title='bbox 160 2660 241 2732; x_wconf 89' lang='lat' dir='ltr'><strong>pars</strong></span> <span class='ocrx_word' id='word_1_157' title='bbox 259 2634 416 2705; x_wconf 85' lang='lat' dir='ltr'><strong>decima:</strong></span> <span class='ocrx_word' id='word_1_158' title='bbox 438 2648 472 2704; x_wconf 89' lang='lat' dir='ltr'><strong>et</strong></span> <span class='ocrx_word' id='word_1_159' title='bbox 490 2637 556 2703; x_wconf 85' lang='lat' dir='ltr'><strong>Cn.</strong></span> <span class='ocrx_word' id='word_1_160' title='bbox 575 2636 724 2705; x_wconf 82' lang='lat' dir='ltr'><strong>Servilio</strong></span> <span class='ocrx_word' id='word_1_161' title='bbox 745 2635 887 2732; x_wconf 80' lang='lat' dir='ltr'><strong>praeton‘</strong></span> <span class='ocrx_word' id='word_1_162' title='bbox 904 2633 1010 2704; x_wconf 89' lang='lat' dir='ltr'><strong>Urbis</strong></span> <span class='ocrx_word' id='word_1_163' title='bbox 1030 2635 1217 2729; x_wconf 80' lang='lat' dir='ltr'><strong>negotium</strong></span> 
     </span>
    </p>
   </div>
   <div class='ocr_carea' id='block_1_4' title="bbox 158 2852 1219 3387">
    <p class='ocr_par' dir='ltr' id='par_1_4' title="bbox 158 2852 1219 3387">
     <span class='ocr_line' id='line_1_23' title="bbox 197 2852 1219 2916; baseline -0.004 -14"><span class='ocrx_word' id='word_1_164' title='bbox 197 2871 236 2903; x_wconf 84' lang='grc' dir='ltr'><strong>ιι.</strong></span> <span class='ocrx_word' id='word_1_165' title='bbox 252 2853 387 2909; x_wconf 81' lang='lat' dir='ltr'><strong>Camertes,</strong></span> <span class='ocrx_word' id='word_1_166' title='bbox 403 2870 480 2916; x_wconf 79' lang='lat' dir='ltr'><strong>quum</strong></span> <span class='ocrx_word' id='word_1_167' title='bbox 492 2870 564 2916; x_wconf 70' lang='lat' dir='ltr'><strong>aequo</strong></span> <span class='ocrx_word' id='word_1_168' title='bbox 570 2852 666 2916; x_wconf 82' lang='lat' dir='ltr'><strong>foedere</strong></span> <span class='ocrx_word' id='word_1_169' title='bbox 745 2857 805 2903; x_wconf 68' lang='lat' dir='ltr'><strong>Ger.</strong></span> <span class='ocrx_word' id='word_1_170' title='bbox 819 2855 908 2901; x_wconf 76' lang='lat' dir='ltr'>XLVI.</span> <span class='ocrx_word' id='word_1_171' title='bbox 926 2869 947 2900; x_wconf 80' lang='grc' dir='ltr'><strong>ι.</strong></span> <span class='ocrx_word' id='word_1_172' title='bbox 961 2856 1079 2899; x_wconf 79' lang='lat' dir='ltr'><strong>Proetores</strong></span> <span class='ocrx_word' id='word_1_173' title='bbox 1092 2852 1179 2899; x_wconf 81' lang='lat' dir='ltr'><strong>diuersi</strong></span> <span class='ocrx_word' id='word_1_174' title='bbox 1191 2852 1219 2898; x_wconf 83' lang='lat' dir='ltr'><strong>in</strong></span> 
     </span>
     <span class='ocr_line' id='line_1_24' title="bbox 159 2927 1217 2995; baseline -0.002 -16"><span class='ocrx_word' id='word_1_175' title='bbox 159 2949 214 2980; x_wconf 88' lang='lat' dir='ltr'><strong>eum</strong></span> <span class='ocrx_word' id='word_1_176' title='bbox 225 2931 339 2978; x_wconf 81' lang='lat' dir='ltr'><strong>Romanis</strong></span> <span class='ocrx_word' id='word_1_177' title='bbox 352 2942 441 2986; x_wconf 81' lang='lat' dir='ltr'><strong>essent,</strong></span> <span class='ocrx_word' id='word_1_178' title='bbox 461 2953 473 2972; x_wconf 71' lang='grc' dir='ltr'><strong><em>α</em></strong></span> <span class='ocrx_word' id='word_1_179' title='bbox 485 2930 591 2978; x_wconf 75' lang='lat' dir='ltr'><strong>amicitia</strong></span> <span class='ocrx_word' id='word_1_180' title='bbox 604 2932 666 2978; x_wconf 79' lang='lat' dir='ltr'><strong>sorte</strong></span> <span class='ocrx_word' id='word_1_181' title='bbox 706 2931 843 2994; x_wconf 80' lang='lat' dir='ltr'><strong>prouincias</strong></span> <span class='ocrx_word' id='word_1_182' title='bbox 848 2927 955 2995; x_wconf 80' lang='lat' dir='ltr'><strong>profecti</strong></span> <span class='ocrx_word' id='word_1_183' title='bbox 959 2949 969 2986; x_wconf 90' lang='lat'><em>;</em></span> <span class='ocrx_word' id='word_1_184' title='bbox 987 2930 1044 2978; x_wconf 85' lang='lat' dir='ltr'><strong>vide</strong></span> <span class='ocrx_word' id='word_1_185' title='bbox 1056 2931 1088 2977; x_wconf 84' lang='lat' dir='ltr'><strong>nd</strong></span> <span class='ocrx_word' id='word_1_186' title='bbox 1100 2933 1153 2990; x_wconf 88' lang='lat'><strong>111,</strong></span> <span class='ocrx_word' id='word_1_187' title='bbox 1169 2932 1217 2986; x_wconf 86' lang='lat'><strong>60,</strong></span> 
     </span>
     <span class='ocr_line' id='line_1_25' title="bbox 159 3008 1215 3074; baseline -0.004 -16"><span class='ocrx_word' id='word_1_188' title='bbox 159 3013 219 3059; x_wconf 82' lang='lat' dir='ltr'><strong>inita</strong></span> <span class='ocrx_word' id='word_1_189' title='bbox 232 3027 254 3060; x_wconf 84' lang='lat' dir='ltr'><strong>a.</strong></span> <span class='ocrx_word' id='word_1_190' title='bbox 263 3011 294 3057; x_wconf 91' lang='lat' dir='ltr'><strong>U.</strong></span> <span class='ocrx_word' id='word_1_191' title='bbox 307 3010 371 3066; x_wconf 70' lang='grc'><strong>443,</strong></span> <span class='ocrx_word' id='word_1_192' title='bbox 382 3008 450 3071; x_wconf 86' lang='lat' dir='ltr'><strong>quod</strong></span> <span class='ocrx_word' id='word_1_193' title='bbox 462 3024 494 3054; x_wconf 82' lang='lat' dir='ltr'><strong>ex</strong></span> <span class='ocrx_word' id='word_1_194' title='bbox 505 3011 556 3065; x_wconf 82' lang='lat' dir='ltr'><strong>nt,</strong></span> <span class='ocrx_word' id='word_1_195' title='bbox 566 3008 598 3055; x_wconf 83' lang='lat'><strong>36</strong></span> <span class='ocrx_word' id='word_1_196' title='bbox 607 3023 666 3073; x_wconf 88' lang='lat' dir='ltr'><strong>pro·</strong></span> <span class='ocrx_word' id='word_1_197' title='bbox 709 3026 735 3056; x_wconf 92' lang='lat' dir='ltr'><strong>n.</strong></span> <span class='ocrx_word' id='word_1_198' title='bbox 748 3025 769 3056; x_wconf 84' lang='lat'><strong>1.</strong></span> <span class='ocrx_word' id='word_1_199' title='bbox 790 3037 824 3045; x_wconf 95' lang='lat'>-</span> <span class='ocrx_word' id='word_1_200' title='bbox 843 3009 906 3074; x_wconf 74' lang='lat' dir='ltr'><strong>Agri</strong></span> <span class='ocrx_word' id='word_1_201' title='bbox 916 3009 1042 3072; x_wconf 83' lang='lat' dir='ltr'><strong>campani,</strong></span> <span class='ocrx_word' id='word_1_202' title='bbox 1056 3010 1157 3072; x_wconf 78' lang='lat' dir='ltr'><strong>Capuae3</strong></span> <span class='ocrx_word' id='word_1_203' title='bbox 1171 3008 1215 3055; x_wconf 89' lang='lat' dir='ltr'><strong>nbi</strong></span> 
     </span>
     <span class='ocr_line' id='line_1_26' title="bbox 161 3085 1215 3151; baseline -0.004 -14"><span class='ocrx_word' id='word_1_204' title='bbox 161 3090 240 3137; x_wconf 80' lang='lat' dir='ltr'><strong>babile</strong></span> <span class='ocrx_word' id='word_1_205' title='bbox 258 3100 301 3138; x_wconf 83' lang='lat' dir='ltr'><strong>eet.</strong></span> <span class='ocrx_word' id='word_1_206' title='bbox 320 3089 439 3136; x_wconf 82' lang='lat' dir='ltr'><strong>Caeterum</strong></span> <span class='ocrx_word' id='word_1_207' title='bbox 456 3087 540 3150; x_wconf 83' lang='lat' dir='ltr'><strong>Sigon.</strong></span> <span class='ocrx_word' id='word_1_208' title='bbox 558 3085 589 3132; x_wconf 87' lang='lat' dir='ltr'><strong>de</strong></span> <span class='ocrx_word' id='word_1_209' title='bbox 607 3087 665 3134; x_wconf 79' lang='lat' dir='ltr'><strong>Ant.</strong></span> <span class='ocrx_word' id='word_1_210' title='bbox 702 3086 775 3150; x_wconf 81' lang='lat' dir='ltr'><strong>sessa</strong></span> <span class='ocrx_word' id='word_1_211' title='bbox 785 3103 884 3151; x_wconf 71' lang='lat' dir='ltr'><strong>greca,</strong></span> <span class='ocrx_word' id='word_1_212' title='bbox 902 3087 986 3135; x_wconf 86' lang='lat' dir='ltr'><strong>nescio</strong></span> <span class='ocrx_word' id='word_1_213' title='bbox 999 3102 1053 3150; x_wconf 80' lang='lat' dir='ltr'><strong>qnae</strong></span> <span class='ocrx_word' id='word_1_214' title='bbox 1064 3098 1089 3134; x_wconf 84' lang='lat' dir='ltr'><strong>et</strong></span> <span class='ocrx_word' id='word_1_215' title='bbox 1099 3087 1165 3134; x_wconf 87' lang='lat' dir='ltr'><strong>nude</strong></span> <span class='ocrx_word' id='word_1_216' title='bbox 1180 3086 1215 3133; x_wconf 86' lang='lat' dir='ltr'><strong>sie</strong></span> 
     </span>
     <span class='ocr_line' id='line_1_27' title="bbox 158 3164 1216 3229; baseline -0.006 -12"><span class='ocrx_word' id='word_1_217' title='bbox 158 3172 206 3229; x_wconf 86' lang='lat' dir='ltr'><strong>jur.</strong></span> <span class='ocrx_word' id='word_1_218' title='bbox 216 3169 269 3216; x_wconf 86' lang='lat' dir='ltr'><strong>Itnl.</strong></span> <span class='ocrx_word' id='word_1_219' title='bbox 279 3170 304 3224; x_wconf 93' lang='lat'><strong>1,</strong></span> <span class='ocrx_word' id='word_1_220' title='bbox 314 3183 328 3212; x_wconf 79' lang='lat' dir='ltr'><strong>u</strong></span> <span class='ocrx_word' id='word_1_221' title='bbox 336 3181 362 3224; x_wconf 89' lang='lat'><strong>1,.</strong></span> <span class='ocrx_word' id='word_1_222' title='bbox 368 3166 443 3221; x_wconf 86' lang='lat' dir='ltr'><strong>dicit,</strong></span> <span class='ocrx_word' id='word_1_223' title='bbox 453 3165 493 3213; x_wconf 85' lang='lat' dir='ltr'><strong>bis</strong></span> <span class='ocrx_word' id='word_1_224' title='bbox 500 3165 581 3213; x_wconf 85' lang='lat' dir='ltr'><strong>verbis</strong></span> <span class='ocrx_word' id='word_1_225' title='bbox 592 3164 666 3228; x_wconf 83' lang='lat' dir='ltr'><strong>signi·</strong></span> <span class='ocrx_word' id='word_1_226' title='bbox 710 3166 782 3215; x_wconf 87' lang='lat' dir='ltr'><strong>dieta.</strong></span> <span class='ocrx_word' id='word_1_227' title='bbox 796 3169 861 3228; x_wconf 77' lang='lat' dir='ltr'><strong>Ager</strong></span> <span class='ocrx_word' id='word_1_228' title='bbox 871 3167 935 3215; x_wconf 75' lang='lat' dir='ltr'><strong>ultre</strong></span> <span class='ocrx_word' id='word_1_229' title='bbox 941 3166 1089 3213; x_wconf 80' lang='lat' dir='ltr'><strong>Vulturnum</strong></span> <span class='ocrx_word' id='word_1_230' title='bbox 1102 3165 1165 3212; x_wconf 88' lang='lat' dir='ltr'><strong>eirca</strong></span> <span class='ocrx_word' id='word_1_231' title='bbox 1179 3166 1216 3211; x_wconf 90' lang='lat' dir='ltr'><strong>Li·</strong></span> 
     </span>
     <span class='ocr_line' id='line_1_28' title="bbox 160 3243 1219 3308; baseline -0.004 -13"><span class='ocrx_word' id='word_1_232' title='bbox 160 3246 242 3305; x_wconf 83' lang='lat' dir='ltr'><strong>ficari,</strong></span> <span class='ocrx_word' id='word_1_233' title='bbox 256 3243 348 3294; x_wconf 72' lang='lat' dir='ltr'><strong>ceteris</strong></span> <span class='ocrx_word' id='word_1_234' title='bbox 366 3244 471 3308; x_wconf 76' lang='lat' dir='ltr'><strong>populis</strong></span> <span class='ocrx_word' id='word_1_235' title='bbox 481 3244 604 3306; x_wconf 79' lang='lat' dir='ltr'><strong>exiguam,</strong></span> <span class='ocrx_word' id='word_1_236' title='bbox 622 3243 667 3291; x_wconf 78' lang='lat' dir='ltr'><strong>ca·</strong></span> <span class='ocrx_word' id='word_1_237' title='bbox 710 3257 805 3294; x_wconf 88' lang='lat' dir='ltr'><strong>ternum</strong></span> <span class='ocrx_word' id='word_1_238' title='bbox 814 3263 856 3293; x_wconf 84' lang='lat' dir='ltr'><strong>seu</strong></span> <span class='ocrx_word' id='word_1_239' title='bbox 863 3246 974 3294; x_wconf 84' lang='lat' dir='ltr'><strong>Clanium</strong></span> <span class='ocrx_word' id='word_1_240' title='bbox 981 3245 1014 3302; x_wconf 76' lang='lat' dir='ltr'><strong>fi,</strong></span> <span class='ocrx_word' id='word_1_241' title='bbox 1022 3245 1126 3292; x_wconf 80' lang='lat' dir='ltr'><strong>Atellam</strong></span> <span class='ocrx_word' id='word_1_242' title='bbox 1135 3260 1219 3292; x_wconf 85' lang='lat' dir='ltr'><strong>versus</strong></span> 
     </span>
     <span class='ocr_line' id='line_1_29' title="bbox 161 3321 1003 3387; baseline -0.002 -14"><span class='ocrx_word' id='word_1_243' title='bbox 161 3325 289 3383; x_wconf 77' lang='lat' dir='ltr'><strong>menibus,</strong></span> <span class='ocrx_word' id='word_1_244' title='bbox 303 3322 345 3387; x_wconf 90' lang='lat' dir='ltr'><strong>qui</strong></span> <span class='ocrx_word' id='word_1_245' title='bbox 363 3322 423 3370; x_wconf 88' lang='lat' dir='ltr'><strong>nihil</strong></span> <span class='ocrx_word' id='word_1_246' title='bbox 442 3321 575 3378; x_wconf 83' lang='lat' dir='ltr'><strong>debebant,</strong></span> <span class='ocrx_word' id='word_1_247' title='bbox 594 3321 666 3368; x_wconf 85' lang='lat' dir='ltr'><strong>maxi·</strong></span> <span class='ocrx_word' id='word_1_248' title='bbox 711 3335 735 3371; x_wconf 87' lang='lat' dir='ltr'><strong>et</strong></span> <span class='ocrx_word' id='word_1_249' title='bbox 747 3324 890 3382; x_wconf 66' lang='lat' dir='ltr'><strong>Trebulam</strong></span> <span class='ocrx_word' id='word_1_250' title='bbox 904 3324 1003 3382; x_wconf 83' lang='lat' dir='ltr'><strong>Doujnt.</strong></span> 
     </span>
    </p>
   </div>
   <div class='ocr_carea' id='block_1_5' title="bbox 59 3398 1215 3474">
    <p class='ocr_par' dir='ltr' id='par_1_5' title="bbox 59 3398 1215 3474">
     <span class='ocr_line' id='line_1_30' title="bbox 59 3398 1215 3474; baseline 0.001 -26"><span class='ocrx_word' id='word_1_251' title='bbox 59 3465 64 3474; x_wconf 41' lang='grc' dir='ltr'>Ι</span> <span class='ocrx_word' id='word_1_252' title='bbox 160 3419 223 3448; x_wconf 78' lang='lat' dir='ltr'><strong>snam</strong></span> <span class='ocrx_word' id='word_1_253' title='bbox 240 3403 336 3450; x_wconf 87' lang='lat' dir='ltr'><strong>laudem</strong></span> <span class='ocrx_word' id='word_1_254' title='bbox 355 3401 428 3448; x_wconf 80' lang='lat' dir='ltr'><strong>fuisse</strong></span> <span class='ocrx_word' id='word_1_255' title='bbox 442 3399 602 3448; x_wconf 85' lang='lat' dir='ltr'><strong>tribuendam.</strong></span> <span class='ocrx_word' id='word_1_256' title='bbox 619 3398 666 3446; x_wconf 86' lang='lat' dir='ltr'><strong>Sed</strong></span> <span class='ocrx_word' id='word_1_257' title='bbox 746 3418 770 3448; x_wconf 80' lang='lat' dir='ltr'><strong>n.</strong></span> <span class='ocrx_word' id='word_1_258' title='bbox 790 3401 884 3448; x_wconf 76' lang='lat' dir='ltr'><strong>Iudieio</strong></span> <span class='ocrx_word' id='word_1_259' title='bbox 903 3417 999 3464; x_wconf 81' lang='lat' dir='ltr'><strong>quoque</strong></span> <span class='ocrx_word' id='word_1_260' title='bbox 1015 3401 1146 3464; x_wconf 59' lang='lat' dir='ltr'><strong>permisso,</strong></span> <span class='ocrx_word' id='word_1_261' title='bbox 1169 3412 1215 3450; x_wconf 85' lang='lat' dir='ltr'><strong>etc.</strong></span> 
     </span>
    </p>
   </div>
   <div class='ocr_carea' id='block_1_6' title="bbox 159 3477 1219 4094">
    <p class='ocr_par' dir='ltr' id='par_1_6' title="bbox 159 3477 1219 3856">
     <span class='ocr_line' id='line_1_31' title="bbox 160 3477 1216 3543; baseline -0.002 -15"><span class='ocrx_word' id='word_1_262' title='bbox 160 3492 303 3528; x_wconf 85' lang='lat' dir='ltr'><strong>caeterorum</strong></span> <span class='ocrx_word' id='word_1_263' title='bbox 326 3495 422 3542; x_wconf 85' lang='lat' dir='ltr'><strong>quoqne</strong></span> <span class='ocrx_word' id='word_1_264' title='bbox 446 3477 593 3542; x_wconf 72' lang='lat' dir='ltr'><strong>populorum</strong></span> <span class='ocrx_word' id='word_1_265' title='bbox 616 3493 666 3523; x_wconf 85' lang='lat' dir='ltr'><strong>non</strong></span> <span class='ocrx_word' id='word_1_266' title='bbox 711 3481 762 3529; x_wconf 83' lang='lat' dir='ltr'><strong>scil.</strong></span> <span class='ocrx_word' id='word_1_267' title='bbox 779 3496 854 3543; x_wconf 89' lang='lat' dir='ltr'><strong>qunm</strong></span> <span class='ocrx_word' id='word_1_268' title='bbox 873 3479 952 3526; x_wconf 82' lang='lat' dir='ltr'><strong>omnis</strong></span> <span class='ocrx_word' id='word_1_269' title='bbox 965 3479 1144 3543; x_wconf 84' lang='lat' dir='ltr'><strong>Campanorum</strong></span> <span class='ocrx_word' id='word_1_270' title='bbox 1159 3495 1216 3542; x_wconf 83' lang='lat' dir='ltr'><strong>eger</strong></span> 
     </span>
     <span class='ocr_line' id='line_1_32' title="bbox 160 3555 1219 3622; baseline 0.001 -17"><span class='ocrx_word' id='word_1_271' title='bbox 160 3558 240 3605; x_wconf 85' lang='lat' dir='ltr'><strong>minus</strong></span> <span class='ocrx_word' id='word_1_272' title='bbox 249 3558 409 3605; x_wconf 84' lang='lat' dir='ltr'><strong>voluntarium</strong></span> <span class='ocrx_word' id='word_1_273' title='bbox 418 3557 490 3604; x_wconf 82' lang='lat' dir='ltr'><strong>fnisse</strong></span> <span class='ocrx_word' id='word_1_274' title='bbox 500 3555 665 3612; x_wconf 88' lang='lat' dir='ltr'><strong>collationem,</strong></span> <span class='ocrx_word' id='word_1_275' title='bbox 710 3558 798 3622; x_wconf 87' lang='lat' dir='ltr'><strong>populi</strong></span> <span class='ocrx_word' id='word_1_276' title='bbox 818 3573 879 3604; x_wconf 86' lang='lat' dir='ltr'><strong>rom.</strong></span> <span class='ocrx_word' id='word_1_277' title='bbox 902 3558 978 3604; x_wconf 82' lang='lat' dir='ltr'><strong>factus</strong></span> <span class='ocrx_word' id='word_1_278' title='bbox 1000 3569 1061 3606; x_wconf 87' lang='lat' dir='ltr'><strong>esset</strong></span> <span class='ocrx_word' id='word_1_279' title='bbox 1087 3556 1162 3621; x_wconf 81' lang='lat' dir='ltr'><strong>(vide</strong></span> <span class='ocrx_word' id='word_1_280' title='bbox 1183 3558 1219 3606; x_wconf 87' lang='lat' dir='ltr'><strong>ad·</strong></span> 
     </span>
     <span class='ocr_line' id='line_1_33' title="bbox 160 3634 1218 3699; baseline -0.001 -15"><span class='ocrx_word' id='word_1_281' title='bbox 160 3653 206 3684; x_wconf 87' lang='lat' dir='ltr'><strong>nec</strong></span> <span class='ocrx_word' id='word_1_282' title='bbox 219 3654 261 3684; x_wconf 87' lang='lat' dir='ltr'><strong>eos</strong></span> <span class='ocrx_word' id='word_1_283' title='bbox 273 3637 390 3698; x_wconf 84' lang='lat' dir='ltr'><strong>illn,quee</strong></span> <span class='ocrx_word' id='word_1_284' title='bbox 400 3635 482 3682; x_wconf 84' lang='lat' dir='ltr'><strong>Livius</strong></span> <span class='ocrx_word' id='word_1_285' title='bbox 491 3634 564 3691; x_wconf 87' lang='lat' dir='ltr'><strong>dicit,</strong></span> <span class='ocrx_word' id='word_1_286' title='bbox 577 3651 607 3682; x_wconf 82' lang='lat' dir='ltr'><strong>ex</strong></span> <span class='ocrx_word' id='word_1_287' title='bbox 618 3635 664 3682; x_wconf 89' lang='lat' dir='ltr'><strong>for·</strong></span> <span class='ocrx_word' id='word_1_288' title='bbox 711 3638 811 3694; x_wconf 77' lang='lat' dir='ltr'><strong>XXVI,</strong></span> <span class='ocrx_word' id='word_1_289' title='bbox 832 3635 892 3699; x_wconf 80' lang='lat'><strong>16),</strong></span> <span class='ocrx_word' id='word_1_290' title='bbox 913 3647 978 3683; x_wconf 79' lang='lat' dir='ltr'><strong>mota</strong></span> <span class='ocrx_word' id='word_1_291' title='bbox 996 3636 1026 3683; x_wconf 88' lang='lat' dir='ltr'><strong>de</strong></span> <span class='ocrx_word' id='word_1_292' title='bbox 1049 3635 1146 3693; x_wconf 80' lang='lat' dir='ltr'><strong>fraude,</strong></span> <span class='ocrx_word' id='word_1_293' title='bbox 1168 3652 1218 3698; x_wconf 79' lang='lat' dir='ltr'><strong>qun·</strong></span> 
     </span>
     <span class='ocr_line' id='line_1_34' title="bbox 160 3713 1216 3777; baseline 0 -15"><span class='ocrx_word' id='word_1_294' title='bbox 160 3715 223 3762; x_wconf 88' lang='lat' dir='ltr'><strong>mula</strong></span> <span class='ocrx_word' id='word_1_295' title='bbox 241 3714 337 3762; x_wconf 74' lang='lat' dir='ltr'><strong>foeileris</strong></span> <span class='ocrx_word' id='word_1_296' title='bbox 355 3713 467 3760; x_wconf 80' lang='lat' dir='ltr'><strong>debuisse</strong></span> <span class='ocrx_word' id='word_1_297' title='bbox 483 3713 553 3770; x_wconf 88' lang='lat' dir='ltr'><strong>darc,</strong></span> <span class='ocrx_word' id='word_1_298' title='bbox 570 3730 602 3759; x_wconf 83' lang='lat' dir='ltr'><strong>ex</strong></span> <span class='ocrx_word' id='word_1_299' title='bbox 615 3725 666 3760; x_wconf 82' lang='lat' dir='ltr'><strong>tota</strong></span> <span class='ocrx_word' id='word_1_300' title='bbox 711 3714 820 3761; x_wconf 90' lang='lat' dir='ltr'><strong>nondum</strong></span> <span class='ocrx_word' id='word_1_301' title='bbox 831 3713 912 3760; x_wconf 85' lang='lat' dir='ltr'><strong>omnis</strong></span> <span class='ocrx_word' id='word_1_302' title='bbox 925 3730 980 3777; x_wconf 85' lang='lat' dir='ltr'><strong>ager</strong></span> <span class='ocrx_word' id='word_1_303' title='bbox 994 3731 1008 3761; x_wconf 76' lang='lat' dir='ltr'><strong>a</strong></span> <span class='ocrx_word' id='word_1_304' title='bbox 1020 3714 1148 3777; x_wconf 75' lang='lat' dir='ltr'><strong>Campanis</strong></span> <span class='ocrx_word' id='word_1_305' title='bbox 1156 3731 1216 3762; x_wconf 89' lang='lat' dir='ltr'><strong>con·</strong></span> 
     </span>
     <span class='ocr_line' id='line_1_35' title="bbox 159 3790 1216 3856; baseline 0.002 -16"><span class='ocrx_word' id='word_1_306' title='bbox 159 3793 231 3854; x_wconf 82' lang='lat' dir='ltr'><strong>hujns</strong></span> <span class='ocrx_word' id='word_1_307' title='bbox 242 3792 276 3838; x_wconf 89' lang='lat' dir='ltr'><strong>rei</strong></span> <span class='ocrx_word' id='word_1_308' title='bbox 290 3790 426 3838; x_wconf 81' lang='lat' dir='ltr'><strong>narratione</strong></span> <span class='ocrx_word' id='word_1_309' title='bbox 438 3801 532 3853; x_wconf 78' lang='lat' dir='ltr'><strong>patet».</strong></span> <span class='ocrx_word' id='word_1_310' title='bbox 543 3791 608 3840; x_wconf 79' lang='lat' dir='ltr'><strong>Dulr.</strong></span> <span class='ocrx_word' id='word_1_311' title='bbox 714 3809 794 3840; x_wconf 83' lang='lat' dir='ltr'><strong>cessus</strong></span> <span class='ocrx_word' id='word_1_312' title='bbox 812 3793 895 3839; x_wconf 83' lang='lat' dir='ltr'><strong>fnisset</strong></span> <span class='ocrx_word' id='word_1_313' title='bbox 912 3793 1044 3850; x_wconf 83' lang='lat' dir='ltr'><strong>Romanis,</strong></span> <span class='ocrx_word' id='word_1_314' title='bbox 1061 3793 1216 3856; x_wconf 83' lang='lat' dir='ltr'><strong>suspicione,</strong></span> 
     </span>
    </p>

    <p class='ocr_par' dir='ltr' id='par_1_7' title="bbox 162 3869 1219 4094">
     <span class='ocr_line' id='line_1_36' title="bbox 198 3869 1215 3934; baseline 0.004 -18"><span class='ocrx_word' id='word_1_315' title='bbox 198 3886 237 3917; x_wconf 85' lang='lat' dir='ltr'><strong>m.</strong></span> <span class='ocrx_word' id='word_1_316' title='bbox 247 3871 355 3933; x_wconf 70' lang='lat' dir='ltr'><strong>Triginta</strong></span> <span class='ocrx_word' id='word_1_317' title='bbox 362 3869 458 3915; x_wconf 86' lang='lat' dir='ltr'><strong>navium</strong></span> <span class='ocrx_word' id='word_1_318' title='bbox 468 3869 571 3926; x_wconf 83' lang='lat' dir='ltr'><strong>carirue,</strong></span> <span class='ocrx_word' id='word_1_319' title='bbox 582 3871 670 3934; x_wconf 79' lang='lat' dir='ltr'><strong>viginti</strong></span> <span class='ocrx_word' id='word_1_320' title='bbox 713 3888 763 3919; x_wconf 93' lang='lat' dir='ltr'><strong>non</strong></span> <span class='ocrx_word' id='word_1_321' title='bbox 775 3871 851 3918; x_wconf 84' lang='lat' dir='ltr'><strong>solnm</strong></span> <span class='ocrx_word' id='word_1_322' title='bbox 865 3869 979 3917; x_wconf 82' lang='lat' dir='ltr'><strong>indicium</strong></span> <span class='ocrx_word' id='word_1_323' title='bbox 989 3871 1144 3933; x_wconf 71' lang='lat' dir='ltr'><strong>permissum,</strong></span> <span class='ocrx_word' id='word_1_324' title='bbox 1158 3872 1184 3919; x_wconf 91' lang='lat' dir='ltr'><strong>h.</strong></span> <span class='ocrx_word' id='word_1_325' title='bbox 1193 3890 1215 3920; x_wconf 88' lang='lat' dir='ltr'><strong>e.</strong></span> 
     </span>
     <span class='ocr_line' id='line_1_37' title="bbox 162 3948 1219 4014; baseline 0.003 -18"><span class='ocrx_word' id='word_1_326' title='bbox 162 3950 355 4014; x_wconf 80' lang='lat' dir='ltr'><strong>quinqueremes,</strong></span> <span class='ocrx_word' id='word_1_327' title='bbox 382 3948 463 3994; x_wconf 81' lang='lat' dir='ltr'><strong>decem</strong></span> <span class='ocrx_word' id='word_1_328' title='bbox 488 3949 665 4011; x_wconf 80' lang='lat' dir='ltr'><strong>quadriremes.</strong></span> <span class='ocrx_word' id='word_1_329' title='bbox 712 3949 808 4014; x_wconf 87' lang='lat' dir='ltr'><strong>publica</strong></span> <span class='ocrx_word' id='word_1_330' title='bbox 826 3949 969 3996; x_wconf 84' lang='lat' dir='ltr'><strong>auctoritate</strong></span> <span class='ocrx_word' id='word_1_331' title='bbox 986 3950 1140 4014; x_wconf 87' lang='lat' dir='ltr'><strong>propositum</strong></span> <span class='ocrx_word' id='word_1_332' title='bbox 1152 3951 1219 4010; x_wconf 77' lang='lat' dir='ltr'><strong>¹fnit,</strong></span> 
     </span>
     <span class='ocr_line' id='line_1_38' title="bbox 162 4025 1217 4094; baseline 0.004 -19"><span class='ocrx_word' id='word_1_333' title='bbox 162 4046 238 4093; x_wconf 82' lang='lat' dir='ltr'><strong>quum</strong></span> <span class='ocrx_word' id='word_1_334' title='bbox 246 4039 321 4076; x_wconf 79' lang='lat' dir='ltr'><strong>essene</strong></span> <span class='ocrx_word' id='word_1_335' title='bbox 327 4025 415 4091; x_wconf 79' lang='lat' dir='ltr'><strong>posita·</strong></span> <span class='ocrx_word' id='word_1_336' title='bbox 420 4044 429 4082; x_wconf 89' lang='lat'><em>;</em></span> <span class='ocrx_word' id='word_1_337' title='bbox 440 4026 489 4074; x_wconf 80' lang='lat' dir='ltr'><strong>rid.</strong></span> <span class='ocrx_word' id='word_1_338' title='bbox 500 4044 552 4091; x_wconf 87' lang='lat' dir='ltr'><strong>cnp.</strong></span> <span class='ocrx_word' id='word_1_339' title='bbox 566 4030 596 4084; x_wconf 79' lang='lat'><strong>8,</strong></span> <span class='ocrx_word' id='word_1_340' title='bbox 609 4045 632 4074; x_wconf 92' lang='lat' dir='ltr'><strong>n.</strong></span> <span class='ocrx_word' id='word_1_341' title='bbox 643 4031 665 4076; x_wconf 82' lang='lat'><strong>8.</strong></span> <span class='ocrx_word' id='word_1_342' title='bbox 713 4040 739 4075; x_wconf 90' lang='lat' dir='ltr'><strong>ut</strong></span> <span class='ocrx_word' id='word_1_343' title='bbox 757 4043 824 4090; x_wconf 77' lang='lat' dir='ltr'><strong>ager,</strong></span> <span class='ocrx_word' id='word_1_344' title='bbox 838 4027 880 4090; x_wconf 83' lang='lat' dir='ltr'><strong>qui</strong></span> <span class='ocrx_word' id='word_1_345' title='bbox 900 4026 1010 4076; x_wconf 89' lang='lat' dir='ltr'><strong>nondum</strong></span> <span class='ocrx_word' id='word_1_346' title='bbox 1030 4045 1041 4076; x_wconf 86' lang='lat' dir='ltr'><strong>a</strong></span> <span class='ocrx_word' id='word_1_347' title='bbox 1063 4029 1117 4078; x_wconf 84' lang='lat' dir='ltr'><strong>cire</strong></span> <span class='ocrx_word' id='word_1_348' title='bbox 1135 4030 1217 4094; x_wconf 76' lang='lat' dir='ltr'><strong>aliquo</strong></span> 
     </span>
    </p>
   </div>
   <div class='ocr_carea' id='block_1_7' title="bbox 0 0 1393 4574">
    <p class='ocr_par' dir='ltr' id='par_1_8' title="bbox 0 0 1393 4574">
     <span class='ocr_line' id='line_1_39' title="bbox 0 0 1393 4574; baseline 0 0"><span class='ocrx_word' id='word_1_349' title='bbox 0 0 1393 4574; x_wconf 95' lang='lat' dir='ltr'><strong> </strong></span> 
     </span>
    </p>
   </div>
  </div>
 </body>
</html>
