2768 4574
185 301 307 407 tina
412 312 572 387 arnna
600 315 719 384 xxv.
745 314 848 382 aar.
876 315 961 381 xit.
1172 315 1218 388 33

161 442 306 539 pratori
324 438 429 509 Sullae
442 437 646 528 tradiderat.
658 440 707 507 Ex
725 432 832 530 hujus
847 434 970 504 Marcii
989 432 1133 510 duobus
1145 465 1219 511 car·

161 551 337 635 minibus,
355 550 499 619 alterius
512 561 593 646 post
605 567 683 615 rem
694 557 808 613 actam
818 541 902 613 editi
913 567 996 614 cum
1011 559 1088 616 rato
1102 564 1224 637 aucto-

161 664 246 733 ritas
265 663 434 747 eventui,
457 659 559 729 alteri
579 680 746 753 quoque,
769 654 870 748 cujus
893 655 1057 728 nondum
1077 672 1221 758 tempus

159 785 327 856 venerat,
353 767 527 840 afferebat
553 765 673 836 fidem.
702 765 824 834 Priore
850 766 1006 836 carmine
1031 773 1221 843 cannensis

131 975 134 981 .
159 881 328 980 praedicta
352 877 468 950 clades
497 879 535 947 in
560 876 634 946 haec
659 873 771 944 ferme
796 873 906 944 verba
934 888 1009 946 erat
1030 905 1037 945 :
1061 883 1221 953 Amnem

164 985 392 1087 Trojugenat
411 992 574 1058 Cannam
591 991 755 1056 Romane
762 987 857 1080 siege
876 1011 886 1052 :
902 994 994 1056 nete
1010 988 1221 1087 alt'enrgenoe

158 1117 291 1199 cogant
306 1107 343 1170 in
364 1123 493 1195 compo
508 1096 693 1168 Diomedis
712 1119 893 1165 conserere
912 1121 1052 1168 monus.
1071 1101 1145 1170 Sed
1158 1129 1221 1173 ne·

159 1236 230 1311 qne
237 1211 357 1281 credes
366 1225 405 1280 tn
414 1209 518 1295 mihi,
530 1208 644 1277 donec
655 1203 840 1303 compleris
853 1212 1029 1300 sangnine
1037 1233 1223 1307 campum,-

160 1322 345 1418 mnltaqne
365 1319 478 1391 millia
498 1324 614 1388 occisa
634 1333 697 1387 tun
720 1315 860 1407 defieret
880 1322 997 1386 oannis
1017 1322 1054 1386 in
1063 1335 1223 1416 pontum

160 1456 332 1527 magnum
350 1455 398 1500 erc
415 1428 699 1523 terroftugifera
707 1454 720 1513 ‚·
729 1424 1020 1523 piscibnsatqne
1038 1428 1224 1520 avibnsfe-

159 1548 288 1639 n'sqne‚
299 1567 386 1639 quce
398 1540 558 1611 incolunt
571 1555 693 1626 terras,
706 1539 844 1628 iisfnat
855 1562 935 1607 esca
948 1555 1110 1610 caro-tna
1118 1568 1128 1608 .·
1136 1568 1223 1613 nam

120 1671 122 1676 '
160 1653 251 1723 mihi
263 1658 313 1722 ita
329 1657 468 1749 Jupiter
471 1652 578 1739 fanu
591 1665 653 1720 est.
669 1653 713 1718 Et
726 1646 912 1718 Diomedis
926 1647 1059 1744 argivi⁶
1079 1675 1224 1748 campos

158 1776 195 1834 et
210 1767 373 1834 Cannam
387 1762 539 1849 flumen,
556 1761 621 1858 qui
635 1759 872 1829 militaverant
891 1760 929 1826 in
942 1759 983 1827 iis
1001 1759 1107 1846 locis,
1122 1760 1226 1855 juxta

109 1924 110 1929 η
159 1885 270 1979 atque
290 1873 403 1969 ipsam
426 1871 565 1942 cladem
583 1867 834 1968 agnoscebant.
856 1872 949 1937 Tum
971 1868 1124 1940 alterurn
1150 1898 1225 1944 car·

159 2080 225 2128 nelio
236 2080 323 2136 Suum
339 2078 396 2127 vide
407 2095 460 2143 cap.
471 2079 494 2125 3.
504 2105 540 2114 -
552 2075 668 2125 Notanda
711 2091 773 2122 caeaa
783 2086 882 2123 tuorum
893 2074 985 2124 deferat
994 2079 1071 2127 amnis
1079 2081 1109 2127 In
1118 2095 1224 2144 pontum

159 2154 668 2224 estcognominishujus,siMac'robiolides
711 2171 823 2218 magnum
849 2157 925 2203 terrai·
946 2157 1092 2220 frugiferai,
1114 2161 1224 2211 Piscibus

158 2235 667 2302 est,origo.1stradit‚Sat.I‚17‚Puh.
712 2246 784 2297 atque
803 2235 937 2300 avibusque
963 2238 1070 2303 feriaque
1090 2241 1224 2291 colentibu’
1260 2267 1263 2272 ·

157 2314 585 2380 Cornelium,quiaeosuadenteludi
593 2315 669 2378 Apol·
713 2324 787 2361 terras
799 2315 832 2361 Ut
842 2314 893 2362 fuat
905 2331 959 2363 esca
973 2333 1029 2364 caro
1040 2329 1083 2365 tua
1099 2333 1106 2367 :
1120 2336 1175 2370 nam
1189 2324 1223 2370 mi

158 2395 246 2444 linares
271 2412 301 2443 ex
324 2395 393 2442 libris
417 2393 539 2458 sibyllinis
563 2392 668 2441 instituti
712 2391 745 2439 ita
760 2393 858 2456 Jupiter
871 2409 949 2442 orsus.
963 2417 976 2437 »2

157 2471 668 2537 fuerunt,cognominatumfuisseSibyIla,·
748 2473 773 2518 6.
794 2471 919 2520 Diomedis
932 2473 1011 2539 argivi
1024 2491 1136 2539 campos,
1158 2482 1224 2543 Apu·

157 2564 183 2601 et
199 2565 284 2617 postea
296 2563 413 2617 corrupto
433 2551 533 2599 nomine
554 2563 667 2599 vocatum
712 2550 762 2607 los,
772 2550 924 2612 Cannenses,
933 2553 974 2615 qui
982 2555 1063 2617 poetis
1069 2572 1134 2620 saepe
1144 2560 1226 2622 campi

157 2631 240 2694 Sylla:
253 2631 310 2679 vide
319 2647 378 2678 mox
385 2641 483 2678 noma.
497 2631 543 2677 Eu.
711 2628 848 2686 Diomedis,
866 2631 945 2678 AEtoli
958 2643 982 2678 et
997 2632 1069 2680 Graii
1082 2634 1197 2684 dicuntur
1209 2654 1223 2684 a

194 2717 218 2765 4.
227 2711 269 2758 En
279 2694 444 2774 hujuiMarcii
453 2709 546 2756 dnobus
555 2707 668 2755 carmini·
711 2708 844 2767 Diomede,
853 2709 946 2773 Tydei,
958 2708 1055 2757 AEtoliae
1067 2714 1144 2775 regis,
1154 2714 1222 2774 lilio,

104 2837 106 2841 ,
158 2787 667 2851 bus,auctoritasalterius,postremactam
711 2787 754 2849 qui
766 2786 842 2833 redux
858 2789 954 2847 a'l'roja
967 2799 990 2834 et
1003 2790 1073 2851 Argis
1086 2790 1168 2855 (quod
1178 2796 1221 2840 Pe·

157 2867 218 2915 edr'ti
225 2884 280 2914 cum
289 2877 344 2914 rato
352 2878 443 2922 eventu,
451 2865 530 2922 alteri,
538 2878 585 2915 etc.
595 2867 627 2914 ita
635 2883 666 2913 ex
710 2864 840 2928 loponnesi
853 2881 913 2930 opp.
926 2868 1032 2930 primum
1044 2857 1121 2936 Ᾰργος
1137 2869 1220 2922 ἵππιον

156 2948 258 3012 optimis
270 2948 333 2996 MSS
349 2945 393 3010 (in
407 2945 495 3008 quibus
510 2957 589 2995 exstat
596 2957 666 3009 post·
711 2943 819 3006 dictum)
830 2945 949 3008 profugus
958 2962 972 2993 a
982 2947 1068 2992 Dadno
1079 2964 1134 3010 rege
1144 2948 1222 2999 filiam

158 3038 284 3075 rameacta
297 3024 374 3073 dediti
383 3040 436 3070 cum
447 3023 517 3087 rato)
530 3025 667 3088 probabilia
710 3035 852 3087 partemque
859 3025 960 3070 Dauniae
971 3025 996 3070 in
1001 3025 1091 3088 Apulia
1099 3029 1222 3092 accepisse

157 3117 271 3154 eruerunt
281 3105 351 3152 Valla
363 3113 387 3154 et
400 3103 478 3154 Gron.
490 3102 574 3159 Editi,
592 3106 618 3150 in
628 3105 667 3152 lu·
710 3101 793 3165 ibique
818 3103 911 3166 Arpos,
939 3118 981 3148 seu
1009 3104 1158 3169 Argyripam
1179 3120 1222 3157 aut

157 3199 211 3232 cem
231 3184 311 3232 emissi
332 3197 356 3232 et
375 3184 453 3232 oculis
472 3183 600 3231 hominum
613 3183 668 3229 sub·
710 3185 801 3231 rectius
812 3171 985 3250 Ᾰργυρίππην,
996 3178 1040 3233 sen
1048 3173 1124 3253 Ᾰργος
1136 3184 1219 3240 ἵππιον

155 3263 224 3322 jecti;
236 3263 331 3312 Stroth.
339 3266 399 3311 Haec
408 3264 477 3311 verbi
488 3263 525 3309 vis
536 3261 617 3326 aptior
627 3278 666 3319 ea,
711 3258 799 3324 (bodie
811 3259 891 3324 Arpe)
908 3261 1047 3309 condidisse
1062 3265 1220 3326 perhibetur:

158 3342 271 3404 quemad
284 3343 309 3391 h.
324 3343 340 3390 Ι.
350 3344 444 3399 notavit
455 3343 532 3390 Gron.
547 3353 571 3390 et
581 3357 627 3390 nos
636 3341 668 3388 ad
711 3337 767 3386 vide
775 3341 856 3404 Heyn.
868 3342 929 3387 Exn.
941 3342 966 3399 1,
982 3340 1014 3388 ad
1025 3342 1093 3407 Virg.
1104 3346 1158 3392 AEn.
1169 3348 1221 3406 xl,

157 3421 184 3479 Ι,
200 3423 244 3481 18,
256 3439 282 3469 ῃ,
295 3438 319 3468 2,
712 3419 763 3471 243
777 3434 842 3481 seq.,
856 3428 881 3465 et
891 3419 1007 3467 Eudociae
1020 3421 1079 3469 Jon.
1095 3423 1121 3470 in
1132 3425 1221 3472 Villoi-

194 3499 218 3546 5.
237 3501 340 3547 Amnem
359 3501 590 3565 Trojugena,·etc.,
612 3513 668 3562 quae
711 3497 872 3546 soniAnecd.
888 3513 924 3561 gr.
942 3500 1069 3562 pug.11.5.
1084 3529 1118 3538 —
1134 3505 1221 3552 Canna

159 3578 270 3624 carminis
288 3578 362 3625 verba
374 3579 484 3626 Alciatus
503 3578 531 3624 in
547 3578 593 3625 hos
611 3593 667 3624 cou·
702 3575 798 3642 flumen
811 3587 847 3624 est
858 3576 897 3623 vel
908 3575 1027 3636 Aufidus,
1040 3581 1077 3628 vel
1085 3583 1166 3631 minor
1174 3599 1225 3630 am·

158 3654 235 3702 cludit
253 3672 336 3702 versus
355 3670 361 3704 :
388 3679 400 3698 ιι
413 3660 517 3704 Amnem
529 3658 666 3720 Troiugena
711 3655 763 3712 nis,
786 3655 881 3703 Cannas
903 3657 1087 3719 praeterlabens,
1110 3663 1152 3723 qui
1170 3679 1222 3710 non

159 3733 267 3782 Cannam
279 3735 389 3782 Romane
402 3735 487 3798 fruge,
499 3734 537 3781 Ne
549 3747 573 3782 te
586 3735 667 3782 alieni-
710 3733 741 3781 ab
752 3735 806 3781 aliis
816 3746 970 3783 memoratur.
980 3737 1046 3785 Illud
1056 3740 1224 3804 suspicabatur

157 3829 226 3876 genae
236 3813 262 3859 in
275 3828 361 3877 campo
375 3825 463 3878 cogant
470 3813 597 3862 Diomedis
605 3814 668 3862 Con·
710 3813 821 3872 Cluver.,
841 3814 889 3861 boc
909 3814 997 3863 Cellar.
1019 3817 1135 3867 Notiores
1149 3833 1223 3880 sunt,

118 3876 123 3886 ⁸
157 3893 259 3939 seruisse
268 3908 354 3939 manus
370 3891 511 3956 pugnando.
527 3893 574 3939 Sed
588 3909 667 3955 neque
712 3894 754 3956 qui
763 3911 807 3958 per
816 3909 915 3957 campos
925 3911 1057 3944 cannenses
1065 3897 1157 3959 fluunt,
1170 3906 1222 3949 Au·
1262 3920 1264 3924 ·

157 3971 241 4019 credes
250 3973 287 4018 Tu
298 3970 437 4030 mihitunc‚
449 3971 527 4018 donec
538 3973 667 4036 compleris
711 3970 775 4018 lidus
788 3982 812 4018 et
825 3973 952 4036 Vergellus
965 3976 1117 4036 amniculus;
1129 3980 1158 4027 de
1172 3995 1222 4043 quo

156 4052 273 4112 sanguine
291 4065 417 4115 campum,
441 4050 568 4113 Multaque
592 4051 667 4098 millia
711 4050 768 4098 vide
780 4051 844 4099 tuor.
855 4053 1223 4116 11‚6,etva1er.Max.1x‚2.

285 4138 325 4203 V·
1031 4138 1054 4211 a
