2768 4574
180 330 301 444 53:333:
365 352 458 418 Lm.
485 354 667 420 xxvni.
697 355 799 420 etr.
828 356 902 421 xi.
931 357 1025 424 xm.
1135 358 1204 441 423

151 502 167 535 «
182 486 257 541 stro
275 473 457 567 equitum,
479 471 579 568 quod
598 469 708 541 fando
727 496 914 578 nunquam
935 489 1018 546 ante
1038 478 1201 548 auditum

151 611 167 644 α
182 595 278 669 erat,
306 582 497 679 imperium
519 605 660 651 mecum
688 594 902 675 aequaretur.
928 582 1070 671 Rebus,
1092 609 1202 681 quam

151 721 167 754 α
183 689 320 772 verbis,
336 691 477 787 assequi
492 690 618 776 malui,
633 704 693 774 ut,
714 690 778 784 qui
794 689 946 760 aliorum
962 716 974 785 J
981 693 1099 764 udicio
1115 696 1204 767 mibi

151 813 409 897 «comparatus
427 813 521 885 erat,
540 822 602 868 sua
618 823 702 868 mox
722 795 946 869 confessione
965 823 1023 870 me
1042 800 1110 870 sibi
1126 828 1209 900 prm

152 939 167 973 «
181 907 317 980 ferret:
340 907 474 978 nedum
497 932 585 1004 eg0,
611 906 822 1003 perfunctus
844 908 1065 998 honoribus,
1093 928 1207 984 certa·

150 1050 166 1083 «ι
180 1021 277 1089 mina
292 1016 380 1087 mibi
397 1032 506 1113 atque
522 1017 768 1089 aemulationes
786 1043 869 1088 cum
890 1018 1119 1092 adolescente
1137 1020 1206 1094 flo-

151 1160 167 1192 «
180 1129 383 1198 rentissimo
395 1150 608 1224 proponam3
618 1127 784 1198 videlicet
796 1143 835 1198 ut
849 1128 949 1215 mibi,
958 1130 1033 1224 jam
1044 1131 1209 1219 vivendo,

150 1269 165 1302 «
182 1262 257 1307 non
276 1237 392 1306 solum
410 1235 519 1307 rebus
535 1237 703 1334 gerendis
720 1236 832 1322 sesso,
848 1239 877 1307 si
893 1237 978 1310 huic
993 1255 1121 1338 negata
1133 1240 1208 1314 fue·

149 1377 164 1410 α
178 1348 242 1433 rit,
255 1344 370 1416 Africa
381 1348 567 1443 provincia
579 1346 803 1419 decernatur.
820 1352 913 1418 Cum
928 1375 969 1420 ea
981 1350 1111 1448 gloria,
1126 1377 1207 1448 quae

149 1471 280 1553 «parta
298 1471 369 1545 est,
390 1456 582 1526 vivendum
599 1472 708 1553 atque
727 1457 954 1528 moriendum
975 1473 1036 1530 est.
1054 1459 1206 1533 Vincere

149 1591 245 1663 «ego
265 1566 436 1664 prohibui
453 1565 713 1654 Hannibalem,
734 1581 775 1636 ut
794 1592 813 1636 a
830 1565 953 1654 vobis,
975 1592 1131 1665 quorum
1153 1569 1206 1637 vi-

152 1709 168 1740 u
182 1692 268 1772 gent
284 1701 383 1746 nunc
396 1678 508 1764 vires,
527 1677 633 1745 etiam
647 1677 742 1746 vinci
759 1690 890 1772 posset.

197 1793 285 1858 XLI.
303 1818 320 1852 α
334 1785 429 1856 Illud
444 1801 479 1856 te
498 1785 584 1854 mibi
602 1786 806 1882 ignoscere,
825 1790 863 1855 P.
878 1784 1042 1877 Corneli,
1061 1811 1205 1884 aequum

148 1927 164 1960 ι(
181 1898 266 1983 erit,
285 1899 469 1993 si,-quum
492 1899 529 1966 in
551 1897 705 1992 meipso
728 1919 914 1990 nunquam
937 1894 1050 1992 pluris
1072 1895 1203 1967 famam

148 2004 381 2089 «bominum,
407 2029 516 2100 quam
539 2004 817 2102 rempublicam,
839 2002 1005 2094 fecerim,
1030 2030 1077 2076 ne
1103 2021 1203 2077 tuam

151 2113 325 2210 «quidem
341 2113 489 2209 gloriam
510 2112 626 2210 [bono
645 2113 793 2211 publico
807 2114 1061 2213 praeponam¹}.
1078 2119 1203 2207 Quan-

147 2254 164 2289 «ι
180 2249 307 2322 quam,
327 2225 355 2294 si
373 2239 436 2294 aut
451 2223 588 2295 bellum
609 2224 751 2294 nullum
770 2226 806 2294 in
823 2225 942 2312 Italia,
962 2241 1022 2305 aut
1043 2229 1072 2297 is
1091 2226 1204 2299 bostis

146 2350 285 2422 «esset,
303 2360 348 2405 ex
368 2360 443 2431 quo
461 2337 557 2406 victo
574 2334 664 2404 nihil
685 2335 806 2430 gloriae
824 2350 1064 2432 quaereretur,
1085 2339 1148 2434 qui
1168 2352 1203 2409 te

147 2478 163 2511 «
176 2449 214 2517 in
222 2445 322 2517 Italia
334 2441 522 2533 retineret,
539 2447 604 2516 etsi
617 2444 653 2514 id
664 2444 766 2515 bono
778 2444 925 2542 publico
938 2441 1081 2534 faceret,
1097 2448 1204 2518 simul

146 2585 163 2619 «
177 2580 259 2626 cum
282 2556 379 2627 bello
398 2557 583 2627 materiam
601 2554 722 2651 gloria·
740 2569 809 2625 tuae
828 2557 895 2627 isse
913 2571 1078 2652 ereptum
1091 2557 1204 2628 videri

146 2680 307 2761 «posset.
333 2669 455 2754 Quum
473 2691 559 2736 vero
580 2664 759 2735 Hannibal
778 2664 890 2735 bostis
910 2666 1081 2735 incolumi
1100 2691 1202 2737 exer·

145 2807 161 2838 «
176 2777 249 2845 citu
264 2777 615 2872 quartumdecimum
627 2800 764 2845 annum
778 2773 915 2844 ltaliam
933 2763 1113 2873 obsideat,
1127 2799 1201 2871 poe·

146 2882 306 2954 «nitebit
323 2898 377 2971 te,
399 2889 435 2954 P.
448 2885 612 2972 Corneli,
631 2885 751 2981 gloriae
769 2892 873 2968 tuae²,
894 2882 923 2952 si
938 2882 1079 2952 hostem
1098 2884 1200 2970 eilm,

146 3025 161 3057 a
177 2996 240 3090 qui
260 3007 312 3063 tot
332 2992 518 3079 funerum,
539 3009 593 3064 tot
617 2994 772 3064 cladium
794 2991 901 3063 nobis
925 3017 1030 3063 causa
1054 2991 1138 3076 fuit,
1160 3008 1201 3064 tu

144 3104 300 3174 «consul
316 3104 415 3173 ltalia
434 3104 632 3201 expuleris,
652 3117 707 3190 et,
730 3105 821 3173 sicut
840 3127 951 3199 penes
968 3106 1005 3172 C.
1017 3104 1199 3173 Lutatium
1303 3130 1309 3144 ·

145 3215 306 3311 «prioris
324 3214 447 3310 punici
465 3214 661 3310 perpetrati
679 3211 767 3283 belli
784 3213 909 3282 titulus
922 3208 1008 3298 fuit,
1026 3212 1074 3282 ita
1088 3237 1202 3310 penes

145 3353 161 3386 κ
176 3338 212 3394 te
228 3324 338 3419 hujus
356 3322 486 3393 luerit?
501 3324 569 3393 nisi
585 3337 645 3393 aut
660 3320 838 3394 Hamilcar
851 3320 1040 3390 Hannibali
1054 3321 1128 3392 dux
1147 3339 1201 3396 est

143 3462 159 3495 a
173 3429 434 3529 proferendus,
452 3447 513 3502 aut
529 3432 616 3502 illud
632 3430 770 3501 bellum
784 3428 887 3517 hnic,
906 3443 967 3498 aut
978 3431 1126 3502 victoria
1140 3433 1201 3504 illa

144 3544 285 3637 «major
307 3543 526 3640 clariorque,
549 3565 658 3638 quam
680 3540 756 3610 haec
777 3538 908 3637 (modo
932 3541 1135 3637 contingat,
1158 3557 1198 3613 ut

144 3774 257 3839 magistro
263 3772 380 3837 equitum,
392 3784 438 3825 etc.
446 3789 469 3818 v.
476 3773 647 3834 Ullam.
691 3781 733 3818 ant
748 3770 841 3832 legatur
853 3784 884 3814 uc
897 3779 940 3814 tua
952 3767 1049 3830 quidem
1064 3769 1089 3816 ia
1100 3772 1196 3834 gloria,

177 3850 237 3898 Cae.
255 3849 321 3895 m.
344 3867 366 3897 1.
386 3852 455 3896 Bono
469 3849 568 3912 publico
585 3865 649 3913 proe·
692 3849 765 3896 scilic.
780 3848 855 3912 pluris
872 3846 958 3893 famam
975 3844 1113 3908 bominum,
1126 3867 1198 3913 qum

140 3945 248 3994 ponam:
261 3928 332 3974 verba
345 3929 396 3975 baec
410 3928 499 3976 absunt
510 3929 540 3976 ab
551 3931 649 3993 optimis
691 3944 780 3991 remp,
793 3927 885 3972 faciam

144 4010 217 4067 MSS,
224 4006 294 4072 prob.
302 4007 378 4053 Gron.
385 4018 413 4053 ut
422 4023 466 4070 per
478 4007 647 4061 ἀποσιώπησιν
727 4021 750 4052 2.
761 4003 887 4051 Panaetii
896 4015 919 4050 te
925 4002 1013 4068 glorioe
1022 4016 1085 4063 ταας
1100 4007 1156 4056 ride
1167 4009 1198 4057 ad

144 4088 290 4152 intelligatur
291 4084 370 4150 pluris
377 4101 451 4148 quam
460 4102 534 4149 remp.
536 4085 634 4151 jaciam
638 4119 647 4143 ,
693 4086 732 4143 11,
742 4083 790 4143 54,
802 4099 828 4131 u.
841 4082 881 4130 16.
