2768 4574
185 306 307 420 3:213ss
413 327 506 393 Lm.
535 325 676 391 xxix.
702 325 806 391 cir.
829 325 871 388 v.
893 326 956 393 vl.
1143 321 1212 408 455

155 454 260 532 scire,
293 450 351 543 Sp.
375 451 577 517 Lucretium
609 470 647 514 se
669 468 750 513 cum
780 447 832 511 M.
858 447 956 512 Livio
975 446 1213 539 junctarum:

158 557 274 627 multa
304 555 417 627 millia
440 561 524 653 ipsis
549 561 658 625 etiam
685 552 866 622 armanda
889 576 982 638 esse,
1014 570 1053 623 ut
1074 554 1215 627 duobus

158 670 321 754 ducibus,
330 669 472 739 duobus
484 664 717 738 exercitibus²
726 668 885 764 maianis
899 667 1091 732 resistatur.
1104 664 1215 752 Galli,

156 804 338 850 summam
358 779 411 849 ad
431 779 472 848 id
491 802 597 846 suam
618 773 841 846 voluntatem
863 796 955 859 esse,
977 771 1095 842 dicere
1108 799 1117 860 ;
1130 762 1214 862 sed,

157 915 270 985 quum
290 915 366 959 una
387 904 506 958 castra
528 912 682 956 romana
700 886 917 978 intrafines,
937 881 1051 952 altera
1072 889 1109 952 in
1120 887 1215 979 fini-

158 1006 247 1070 tima
269 1016 362 1069 terra
390 1002 539 1067 Etruria
556 1020 677 1092 prope
704 1000 741 1064 in
768 1008 957 1090 conspectu
982 991 1159 1080 babeant,
1185 1000 1220 1063 si

148 1109 281 1206 palam
295 1111 394 1203 fiat,
423 1107 571 1177 auxiliis
590 1106 756 1200 adjutum
778 1104 827 1174 ab
852 1129 929 1175 sese
950 1109 1125 1189 Poenum,
1150 1131 1214 1174 erc-

157 1218 288 1316 templo
319 1220 464 1317 infestos
490 1223 669 1314 utrimque
691 1221 866 1296 exercitus
892 1221 929 1285 ia
955 1239 1082 1310 agrum
1107 1240 1213 1285 suum

157 1334 371 1397 incursuros.
392 1331 452 1397 Ea
469 1326 519 1398 ab
542 1325 655 1396 Gallis
679 1326 913 1413 desideraret,
933 1325 1064 1422 quibus
1081 1324 1216 1396 occulte

158 1438 327 1532 adjurari
337 1454 473 1534 posset.
495 1436 700 1534 Liguribus,
726 1436 835 1536 quod.
843 1435 981 1532 procul
1004 1462 1092 1532 agro
1118 1435 1215 1506 urbi-

157 1548 297 1644 busque
309 1573 434 1618 corum
447 1563 566 1617 castra
579 1558 734 1617 romana
747 1551 831 1632 sint,
843 1545 956 1617 libera
964 1547 1114 1617 consilia
1123 1570 1215 1616 esse:

158 1655 237 1726 illos
249 1681 395 1726 armare
396 1659 621 1751 juventutem
637 1673 673 1726 et
682 1681 867 1754 capessere
869 1682 943 1754 pro
947 1672 1058 1755 parte
1068 1656 1214 1744 bellum,

157 1790 304 1863 aequum
331 1791 415 1837 esse.
441 1768 588 1863 Ligures
607 1766 706 1837 haud
727 1765 909 1852 abnuere3
940 1781 1083 1863 tempus
1105 1765 1216 1836 modo

159 1875 314 1946 duorum
343 1876 521 1947 mensium
543 1889 667 1972 petere
686 1875 730 1946 ad
750 1874 911 1972 delectus
934 1873 1131 1946 habendos.
1160 1881 1217 1946 In-

158 1986 264 2054 terim
284 1988 389 2082 Mago
410 1986 561 2072 milites,
589 1985 699 2056 Gallis
718 1984 889 2072 dimissis,
910 1986 1001 2057 clam
1023 2011 1089 2084 per
1114 2010 1218 2083 agros

156 2119 284 2164 corum
296 2094 461 2166 mercede
476 2094 688 2167 conducere.
700 2098 929 2166 Commeatus
939 2119 1087 2192 quoque
1100 2095 1217 2164 omnis

156 2206 299 2302 generis
317 2204 458 2276 occulte
481 2203 527 2275 ad
547 2230 630 2276 eum
648 2231 669 2276 a
686 2205 787 2302 gallis
801 2204 947 2302 populis
966 2205 1215 2276 mittebantur.

158 2321 205 2386 M.
225 2317 345 2387 Livius
367 2317 563 2387 exercitum
584 2316 757 2409 volonum
780 2341 823 2386 ex
842 2315 984 2386 Etruria
1004 2317 1042 2386 in
1066 2316 1218 2390 Galliam
1308 2382 1310 2386 .

158 2425 334 2513 traducit,
351 2427 569 2525 junctusque
590 2428 774 2513 Lucretia,
794 2428 824 2496 si
842 2450 879 2496 se
892 2430 998 2524 Mago
1018 2452 1061 2496 ex
1079 2429 1217 2526 Liguri-

158 2536 227 2608 bus
240 2541 391 2636 propius
403 2537 540 2610 Urbem
556 2552 698 2609 moveat
708 2533 735 2624 ³,
745 2537 889 2607 obviam
904 2537 957 2606 ire
968 2550 1086 2633 parat;
1104 2538 1133 2606 si
1143 2543 1219 2608 Poe

158 2670 227 2715 nus
246 2647 313 2718 sub
332 2647 465 2745 angulo
480 2648 623 2745 Alpium
641 2648 784 2744 quietus
803 2670 841 2716 se
860 2645 1059 2731 contiueat,
1082 2661 1118 2714 et
1139 2646 1216 2742 ipse
1238 2642 1240 2646 ’

158 2757 196 2823 in
227 2755 353 2826 eadem
379 2759 527 2853 regione
557 2759 650 2829 circa
679 2759 879 2827 Ariminum
913 2754 1020 2824 Italiae
1052 2755 1218 2852 praesidio

159 2863 312 2937 futurus.

206 2979 265 3045 VI.
291 2980 375 3047 Post
399 2978 555 3048 reditum
584 3004 628 3050 ex
647 2977 764 3049 Africa
786 2983 824 3050 C.
847 2978 960 3066 Laelii,
987 2992 1023 3047 et
1049 2979 1217 3074 Scipione

159 3087 342 3158 stimulato
371 3089 565 3160 Masinissae
597 3087 929 3176 adhortationibus,
952 3103 988 3160 et
1019 3087 1216 3173 militibus,

159 3197 315 3296 praedam
337 3223 380 3270 ex
400 3197 559 3270 hostium
577 3214 671 3270 terra
689 3199 921 3271 cernentibus
940 3214 1015 3269 tota
1034 3198 1145 3270 classe
1165 3197 1217 3269 el·
1254 3294 1259 3299 Ι

159 3305 264 3395 ferri,
282 3311 439 3381 accensis
454 3308 500 3379 ad
518 3308 767 3404 trajiciendum
786 3311 1085 3407 quamprimum,
1106 3312 1219 3378 inter-

159 3421 259 3488 venit
287 3420 415 3514 majori
440 3421 559 3491 minor
587 3421 774 3518 cogitatio,
807 3425 941 3490 Locros
969 3419 1098 3491 urbem
1127 3420 1219 3489 reci-

161 3527 300 3621 piendi,
326 3554 406 3624 quae
438 3529 505 3599 sub
532 3528 774 3601 defectionem
796 3530 928 3600 Italiae¹
955 3531 1151 3601 desciverat
1182 3545 1221 3599 et
1287 3600 1289 3609 ,

196 3773 220 3803 a.
233 3756 332 3803 Duobus
341 3755 453 3814 ducibus,
467 3759 559 3806 duobus
567 3759 666 3807 exercit.
710 3758 742 3806 ad
754 3761 791 3816 Χ,
802 3767 833 3816 43
846 3758 889 3805 scd
901 3757 964 3805 nihil
978 3759 1128 3807 mutantibus
1142 3761 1220 3818 MSS,

161 3836 216 3883 vide
225 3836 305 3894 cdx,
315 3836 348 3882 25
356 3852 396 3895 ,n.
407 3851 431 3897 9.
711 3840 752 3886 uni
768 3838 824 3899 testi
842 3837 939 3884 credere
957 3841 1008 3885 nbn
1027 3849 1108 3886 tutum
1123 3839 1219 3899 judicat

196 3917 220 3964 3.
237 3916 261 3962 Si
273 3932 299 3964 se
313 3918 535 3980 Mago-..moveat
552 3916 666 3983 Sigonius
710 3917 784 3967 Drak.
798 3919 842 3964 En.

161 4013 191 4044 ex
203 3996 277 4044 veteri
289 3995 352 4043 libro
367 3995 531 4044 omittendum
543 4013 569 4044 se
582 4008 665 4061 putat,
744 3998 852 4047 Csinvl.
866 4012 887 4043 1.
899 3995 946 4041 Sub
956 3996 1114 4061 defectionem
1123 3997 1222 4054 Itab'a‚·

161 4089 189 4125 ut
201 4095 256 4126 voc.
271 4088 364 4127 moveat
376 4077 486 4126 absolute
502 4087 622 4141 ponatur,
639 4087 666 4123 ut
711 4075 897 4135 vidcad1,35,
911 4093 936 4123 n.
949 4093 971 4126 1.
