2768 4574
100 386 103 392 ,
188 266 312 418 fist
347 330 439 399 mn
465 328 605 394 xxix.
633 326 739 393 CAP.
768 329 943 395 xxxiv.
970 331 1123 399 xxxv.
1152 329 1220 402 513

162 451 273 524 facilis
286 445 452 546 receptus
462 446 550 535 fuit,
562 470 644 518 cum
656 446 735 542 ipso
748 444 840 516 duce
853 452 1028 519 Hannone
1037 452 1221 523 interclusi

126 549 129 561 ¹
162 576 272 658 atque
284 557 462 629 interfecti
478 572 572 626 sunt.
588 560 760 642 Caeteros,
774 553 875 624 ducis
885 559 1062 655 praecipue
1077 565 1221 633 territos

163 672 277 758 caede,
292 669 405 742 effuse
419 667 599 764 fugientes
613 689 678 762 per
693 667 760 736 tria
774 666 884 735 millia
898 692 1067 764 passuum
1077 683 1108 714 ¹⁰
1118 675 1222 745 victo·

161 805 219 852 res
233 780 396 876 sequuti,
409 776 455 846 ad
469 776 542 845 duo
557 790 730 873 praeterea
742 776 853 846 millia
869 779 1032 873 equitum
1046 796 1107 851 aut
1118 807 1222 882 cepe-

164 904 267 975 runt,
289 903 351 957 aut
377 884 598 956 occiderunt.
619 891 716 955 Inter
735 910 795 955 eos
817 888 900 956 satis
919 887 1124 977 constabat,
1147 919 1220 964 non

162 999 281 1067 minus
299 996 474 1091 ducentos
500 994 846 1091 Carthaginiensium
871 1000 1009 1092 equites
1037 996 1165 1089 fuisse,
1186 1021 1221 1075 et

130 1104 133 1110 ’
162 1106 293 1177 divitiis
310 1105 486 1202 quosdam
501 1120 536 1176 et
553 1130 683 1201 genere
703 1106 867 1177 illustres.

211 1221 353 1287 XXXV.
374 1213 511 1286 Eodem
532 1213 644 1304 forte,
664 1241 737 1312 quo
759 1216 833 1286 haec
849 1233 948 1314 gesta
967 1234 1069 1306 sunt,
1084 1222 1142 1292 die
1157 1248 1222 1293 na-

161 1351 239 1415 ves,
250 1331 330 1423 quae
341 1324 498 1424 praedam
509 1327 545 1395 in
558 1327 711 1396 Siciliam
721 1342 906 1417 vexerant,
919 1333 1002 1399 cum
1018 1336 1225 1405 commeatu

160 1435 316 1522 rediere;
335 1437 435 1506 velut
453 1437 635 1524 ominatae,
655 1435 870 1534 adpraedam
887 1440 1033 1510 alteram
1051 1458 1221 1539 repeten-

161 1545 245 1616 dam
267 1570 343 1617 sese
362 1548 511 1615 venisse.
532 1549 633 1615 Duos
653 1544 781 1615 eodem
798 1549 944 1618 nomine
960 1551 1223 1648 Carthaginien·

161 1656 253 1726 sium
273 1654 404 1725 duces¹
429 1654 574 1725 duobus
596 1654 823 1751 equestribus
843 1658 970 1753 praeliis
992 1659 1220 1750 interfectos,

162 1790 235 1836 non
257 1790 383 1836 omnes
405 1780 569 1835 auctores
588 1780 691 1853 su11t3
714 1768 837 1853 veriti,
862 1767 990 1856 credo,
1010 1795 1056 1840 ne
1082 1768 1220 1843 falleret

80 1922 85 1934 ·
160 1875 216 1947 bis
234 1877 345 1947 relata
367 1874 491 1945 eadem
511 1899 580 1945 res.
611 1875 748 1945 Coelius
765 1874 913 1971 quidem
932 1891 968 1946 et
981 1878 1143 1949 Valerius
1166 1906 1220 1951 ca-

159 2000 265 2081 ptum
281 1987 388 2055 etiam
398 1989 613 2054 Hannonem
629 1984 785 2054 tradunt.
797 1986 914 2081 Scipio
926 1984 1111 2082 praefectos
1127 1993 1221 2086 equi-

159 2109 307 2190 tesque,
322 2109 433 2191 prout
444 2094 621 2190 cujusque
634 2119 745 2190 opera
757 2092 890 2181 fuerat,
907 2109 989 2165 ante
1006 2122 1130 2169 omnes
1142 2105 1218 2171 Ma-

159 2205 340 2291 sinissam,
359 2203 560 2301 insignibus
581 2205 684 2274 donis
705 2204 834 2290 donat;
856 2219 910 2293 et,
931 2203 1036 2277 firmo
1055 2210 1219 2306 praesidio

159 2315 288 2385 Salecae
303 2315 491 2411 imposit0,
507 2315 582 2410 ipse
599 2338 682 2384 cum
696 2330 822 2386 caetero
842 2317 1000 2387 exercitu
1014 2317 1217 2415 profectus,

159 2449 232 2494 non
247 2425 338 2522 agris
353 2423 479 2512 mod0,
491 2449 720 2522 quacumque
732 2425 938 2515 incedebat,
948 2429 1145 2524 populatis,
1154 2432 1218 2503 sed

157 2532 310 2605 urbibus
332 2537 439 2606 etiarn
460 2534 679 2631 quibusdam
706 2537 865 2632 vicisque
889 2542 1119 2634 expugnatis,
1148 2541 1217 2612 late

159 2638 240 2710 fuso
255 2657 392 2712 terrore
409 2644 512 2729 belli,
529 2647 683 2740 septimo
702 2644 778 2731 die,
799 2642 1107 2738 quam‘profectus
1122 2666 1216 2737 erat,
1233 2636 1235 2640 ¹

158 2776 324 2848 magnam
348 2754 422 2821 vim
448 2745 637 2821 hominum
655 2767 690 2822 et
705 2743 853 2849 'pecoris
879 2767 915 2821 et
939 2756 1056 2824 omnis
1075 2761 1215 2852 generis

158 2861 286 2956 praedae
298 2860 463 2947 trahens,
482 2862 519 2929 in
532 2874 646 2930 castra
659 2859 768 2946 redit,
788 2884 983 2956 gravesque
1001 2864 1132 2934 iterum
1148 2866 1215 2936 ho·

159 2971 297 3043 stilibus
316 2972 437 3068 spoliis
452 2995 558 3043 naves
575 2971 733 3041 dimittit.
747 2971 855 3058 Inde,
870 2974 1006 3042 omissis
1019 2977 1214 3073 expeditio-

158 3081 265 3153 nibus
297 3083 414 3178 parvis
443 3079 830 3178 populationibusque,
864 3081 907 3150 ad
936 3085 1215 3179 oppugnandam

154 3192 297 3261 Uticam
324 3214 449 3260 omnes
471 3189 558 3259 belli
582 3192 675 3260 vires
703 3192 896 3275 convertit,
916 3215 992 3261 eam
1019 3193 1166 3287 deinde,
1186 3201 1214 3268 si

194 3431 232 3462 10.
245 3418 294 3462 Per
310 3416 359 3463 tria
374 3415 451 3463 millia
461 3431 597 3478 passuum:
612 3416 665 3478 qui·
744 3416 803 3464 Car.
817 3416 926 3462 XXXV.
942 3431 964 3463 1.
986 3419 1053 3464 Duos
1069 3420 1155 3468 eodem
1171 3439 1215 3470 no-

157 3492 212 3540 dam
225 3493 288 3541 MSS
296 3511 344 3558 per
352 3496 380 3541 X
386 3511 418 3542 m.
428 3512 470 3557 μ,
484 3505 509 3541 et
521 3492 610 3557 optimi
617 3509 666 3557 per
708 3494 772 3541 mine
789 3493 815 3541 0.
830 3494 914 3550 duces,
930 3497 1075 3557 Hannones3
1095 3499 1146 3547 vid.
1159 3517 1213 3565 esp.

156 3572 233 3617 XXX
242 3588 273 3617 m.
277 3589 305 3634 p.
319 3574 349 3620 Id
363 3589 421 3620 vero
432 3571 573 3620 credibilem
582 3587 663 3636 perse·
708 3586 742 3633 ²9
754 3589 791 3637 pr.
806 3584 830 3620 et
844 3574 886 3628 34.
908 3600 943 3608 -
959 3574 1015 3620 Non
1033 3589 1114 3623 omnes
1129 3591 1214 3628 aucto·

124 3694 127 3701 ,
156 3649 247 3710 quendi
264 3650 364 3698 modum
382 3653 499 3701 excedere
516 3651 606 3711 videri,
617 3669 663 3699 nec
708 3666 744 3697 res
753 3661 825 3707 sunu
838 3650 895 3697 vide
905 3650 937 3698 ad
946 3652 983 3710 11,
994 3652 1041 3711 58,
1054 3669 1079 3701 n.
1095 3671 1116 3700 1.
1130 3683 1165 3692 -·-
1175 3658 1214 3705 Ne

156 3727 293 3775 verosimile
311 3745 377 3786 esse,
396 3732 563 3789 Masinissam,
584 3732 663 3794 portis
701 3727 802 3793 falleret
814 3729 849 3776 bis
860 3729 940 3796 reluta
953 3731 1038 3781 eadem
1050 3746 1102 3789 res,·
1114 3735 1170 3783 vide
1183 3737 1214 3786 ad

155 3804 337 3868 obequitantem
361 3811 496 3874 sensimque
519 3810 663 3867 cedentem,
708 3809 759 3865 ΙΙΙ,
771 3809 800 3866 8,
814 3823 873 3854 ma.
885 3808 1026 3871 Appianas,
1037 3813 1099 3862 Pun,
1110 3822 1155 3873 14,
1171 3817 1211 3873 15,

156 3899 199 3929 eos
210 3883 241 3930 ad
255 3888 332 3934 XXX
342 3888 416 3935 millia
428 3906 541 3954 passuum
556 3889 587 3936 ab
603 3889 663 3936 urbe
708 3886 810 3933 alterum
816 3889 970 3945 Hannonem,
976 3887 1214 3956 alterumMagonem

156 3963 313 4022 abstraxisse,
322 3967 371 4023 jam
381 3983 495 4016 monuere
505 3969 661 4026 numne.
708 3975 794 4021 vocat,
810 3963 927 4028 illumque
942 3976 1038 4029 captum
1054 3986 1067 4014 a
1084 3971 1211 4019 Masinissa

156 4041 268 4105 arvial.
708 4052 918 4107 pertentatumque
927 4046 981 4093 cum
988 4050 1120 4107 metreejns
1128 4050 1211 4100 tradit.

256 4133 299 4196 V.
1001 4130 1045 4204 33
