2768 4574
153 320 177 359 Α.
190 319 214 357 C.
230 319 275 357 ²05.

155 382 275 432 ΜΨ,
372 343 464 408 LIB.
493 342 634 408 XXIX.
662 345 764 410 CAP.
794 346 840 410 ΙΙ.
863 346 931 413 ΙΙΙ.
1113 347 1178 432 451

127 461 354 560 pugnabant,
376 460 498 533 obruti
517 461 596 530 telis
614 460 883 548 occubuerunt,
905 480 983 535 tum
1002 465 1085 564 suga
1102 494 1184 566 pas·

126 576 193 644 sim
212 589 347 672 coepta,
363 575 555 673 pluresque
576 575 672 659 caesi,
691 573 775 669 quia
789 597 902 668 equos
916 578 1183 652 conscendendi
1243 630 1249 645 ·
1334 632 1340 655 .

125 685 310 781 equitibus
323 687 477 784 spatium
489 709 564 754 non
578 682 709 771 fuerat,
724 697 760 754 et
774 683 858 779 quia
871 685 1042 780 perculsis
1057 684 1207 761 acriter*

126 796 337 867 institerunt
356 796 533 865 Romani:
557 818 625 864 nec
652 807 735 862 ante
756 791 958 862 abscessum
981 807 1054 880 est,
1075 820 1184 890 quam

89 974 93 981 .
127 907 250 976 castris
262 928 410 1002 quoque
424 917 620 974 exsuerunt
635 901 980 972 hostemTredecim
991 903 1102 974 millia
1112 907 1186 976 His·

128 1037 305 1109 panorum
319 1037 406 1082 caesa
422 1037 466 1083 eo
484 1012 563 1096 die,
582 1012 779 1107 octingenti
799 1008 911 1081 ferme
932 1015 1036 1110 capti.
1056 1017 1186 1086 Roma·

127 1147 260 1192 norum
278 1123 531 1218 sociorumque
551 1123 660 1219 paulo
678 1121 830 1219 amplius
849 1120 1013 1209 ducenti,
1032 1126 1184 1197 maxime

128 1232 166 1300 in
185 1231 272 1301 laevo
295 1256 427 1315 comu,
445 1232 663 1303 ceciderunt.
682 1230 779 1301 Pulsi
795 1232 917 1302 castris
933 1232 1097 1329 Hispani,
1124 1251 1185 1307 aut

128 1341 192 1434 qui
210 1364 253 1409 ex
267 1340 391 1437 praelio
407 1339 625 1437 effugerant,
643 1341 754 1437 sparsi
772 1342 890 1438 primo
909 1366 974 1439 per
991 1368 1112 1439 agros,
1130 1344 1188 1416 de·

127 1447 212 1519 inde
231 1451 268 1519 in
288 1475 368 1520 suas
385 1453 539 1547 quisque
559 1451 718 1521 civitates
737 1448 934 1520 redierunt.

177 1563 242 1627 III.
272 1564 363 1629 Tum
394 1586 413 1630 a
441 1559 639 1630 Mandonio
661 1562 797 1629 evocati
817 1561 855 1629 in
882 1562 1074 1632 concilium
1100 1589 1187 1635 con·

129 1661 320 1773 questique
339 1670 388 1740 ibi
402 1670 520 1741 clades
536 1695 636 1755 suas,
655 1671 837 1766 increpitis
856 1672 1064 1743 auctoribus
1082 1674 1187 1765 belli,

129 1786 266 1887 legatos
291 1781 488 1855 mittendos
509 1781 554 1850 ad
580 1805 679 1850 arma
701 1778 874 1850 tradenda
894 1780 1189 1881 deditionemque

129 1897 329 1969 faciendam
351 1905 580 1964 censuerunt.
602 1889 764 1979 Quibus,
784 1888 927 1985 cuipam
945 1891 982 1958 in
1005 1905 1189 1963 auctorem

129 2004 414 2079 bellilndibilem
424 2000 1014 2096 caeterosqueprincipes,quorum
1024 1999 1189 2098 plerique
1254 2015 1257 2022 '

129 2117 167 2185 in
177 2107 776 2197 aciececidissent,conferentibus,
786 2108 1190 2206 tradentibusquearma

129 2242 166 2299 et
180 2222 397 2297 dedentibus
412 2244 509 2310 sese,
525 2244 739 2316 responsum
757 2233 828 2289 est:
845 2225 890 2288 In
907 2219 1124 2292 deditionem
1141 2228 1192 2293 ita

130 2342 249 2434 accipi
256 2348 266 2378 ¹
277 2360 355 2419 eos,
370 2339 403 2402 si
411 2333 654 2403 Mandonium
668 2345 884 2425 caeterosque
901 2328 986 2398 belli
997 2339 1191 2404 concitores

131 2448 360 2518 tradidissent
377 2450 500 2514 vivos:
519 2448 575 2510 sin
596 2446 730 2524 minus,
749 2445 925 2510 exercitus
949 2465 987 2509 se
1005 2447 1042 2510 in
1062 2468 1190 2538 agrum

131 2558 321 2651 Ilergetum
339 2559 679 2647 Ausetanorumque
705 2564 740 2618 et
759 2549 925 2644 deinceps
950 2548 1104 2620 aliorum
1117 2576 1190 2647 po·

125 2665 297 2762 pulorum
311 2665 490 2734 ducturos.
504 2667 586 2731 Haec
598 2661 692 2730 dicta
708 2658 847 2751 legatis,
861 2659 1137 2755 renuntiataque
1152 2663 1191 2730 in

130 2774 347 2845 concilium:
369 2770 420 2841 ibi
440 2769 657 2840 Mandonius
676 2767 866 2862 caeterique
888 2768 1068 2864 principes
1088 2793 1190 2840 com·

130 2882 301 2981 prehensi
329 2894 364 2950 et
388 2879 508 2949 traditi
529 2879 575 2948 ad
595 2876 819 2974 supplicium.
848 2875 1025 2970 Hispaniae
1045 2877 1189 2972 populis

130 2992 270 3065 reddita
286 3015 355 3088 pax
373 3016 380 3057 :
396 2988 617 3087 stipendium
631 2988 709 3080 ejus
725 2986 811 3055 anni
830 2984 964 3081 duplex
979 3000 1015 3055 et
1030 2984 1189 3058 frumen-

131 3118 210 3174 tum
229 3127 291 3172 sex
316 3100 494 3169 mensium
515 3100 731 3193 imperatum
752 3119 906 3191 sagaque
924 3110 960 3165 et
978 3109 1070 3191 toga*
1087 3121 1191 3168 exer-

133 3215 220 3283 citui
231 3222 257 3292 ²,
279 3225 314 3281 et
336 3206 479 3278 obsides
505 3206 550 3277 ab
570 3208 715 3302 triginta
733 3202 844 3274 ferme
872 3204 1016 3300 populis
1043 3209 1188 3303 accepti.

132 3327 186 3391 Ita
203 3321 381 3418 Hispaniae
395 3316 599 3388 rebellantis
610 3313 789 3396 tumultu,
805 3311 900 3383 baud
920 3337 1052 3408 magno
1068 3330 1190 3400 motu,

133 3432 228 3500 intra
250 3455 383 3528 paucos
408 3429 483 3498 dies
505 3426 649 3495 concito
670 3439 706 3493 et
731 3446 958 3518 compresso,
978 3424 1016 3492 in
1037 3422 1191 3494 Africam

167 3682 228 3729 Car.
240 3683 285 3728 III.
301 3696 322 3726 1.
341 3683 371 3727 In
386 3678 530 3728 deditionem
543 3674 624 3738 accipi
628 3691 638 3730 ,·
682 3672 754 3729 citui,
765 3673 791 3719 iu
801 3675 852 3733 ejus
864 3687 941 3719 nsum.
953 3671 1024 3719 Conf.
1036 3673 1191 3731 XXIX‚36;

133 3759 189 3806 vide
202 3759 233 3806 ad
243 3761 375 3817 vrum,
389 3775 414 3805 ιι.
430 3755 572 3817 7‚-Belli
582 3770 640 3801 eon·
684 3754 773 3809 XLIV,
789 3753 833 3807 16,
853 3762 877 3799 et
889 3765 961 3814 supra
973 3751 1063 3807 XXII,
1085 3750 1131 3807 54,
1145 3751 1190 3799 ubi

131 3837 231 3894 σίτοισι,
245 3848 272 3884 ut
285 3838 389 3894 XXIII,
403 3844 433 3894 4;
448 3835 588 3891 XXXVII,
598 3832 639 3889 453
684 3832 755 3878 Cres,
766 3830 916 3893 suspicatur,
935 3838 1045 3889 togarum
1065 3845 1134 3876 usum
1153 3831 1190 3877 vel

132 3917 210 3972 XLV,
231 3932 268 3963 ιο.
287 3943 321 3952 -
339 3915 473 3977 Deinceps‚·
495 3913 552 3960 vide
568 3928 640 3975 supra
684 3909 801 3956 militibus
824 3908 897 3955 fuisse
920 3907 947 3954 in
968 3905 1077 3954 hibernis
1095 3921 1119 3956 et
1140 3910 1192 3957 otio

133 3996 165 4043 nd
175 3998 202 4054 I,
216 4011 259 4053 ιι,
268 4011 292 4042 ιι.
303 3996 327 4041 8.
502 4020 504 4025 ·
686 4000 833 4043 castrorum,
845 3988 882 4034 vel
897 4002 1040 4033 concessum
1048 3987 1193 4036 honestiori-

169 4091 194 4123 a.
204 4077 316 4139 Supraque
326 4084 349 4119 et
363 4084 427 4136 togae
439 4069 562 4137 imperatae
572 4086 642 4117 exer·
684 4067 742 4123 bus,
754 4065 949 4117 centurionibus,
962 4065 1099 4127 equitibus,
1109 4079 1155 4115 etc.

958 4175 1019 4244 29.
