2768 4574
193 309 260 388 124
615 311 653 375 r.
688 310 824 376 rami
1100 288 1226 397 ltili:

188 427 306 496 media
321 429 498 497 sententia
508 433 543 498 P.
557 429 689 499 Valerii
705 430 818 499 Flacci
828 426 933 499 vicit6
944 456 953 514 ;
966 431 1045 527 qui,
1060 432 1254 528 utriusque

89 573 92 579 ·
186 539 240 608 rei
251 563 403 625 memor,
413 539 703 635 imperatoribus,
718 543 780 636 qui
796 540 840 610 ad
852 546 1010 636 Capuam
1023 556 1157 629 esseut,
1173 543 1256 614 scri-

186 646 348 718 bendum
363 651 501 720 censuit
514 677 520 717 :
538 651 639 741 Quid
645 652 698 720 ad
708 651 838 720 Urbem
843 652 1013 748 praesidii
1024 668 1127 738 esset,
1143 678 1257 750 quan·

189 775 244 829 tas
260 776 380 831 autem
399 761 593 831 Hannibal
604 763 899 858 copiasduceret,
918 778 984 830 aut
998 780 1134 859 quanto
1150 788 1256 833 exer·

186 877 258 939 citu
275 871 328 940 ad
348 875 510 968 Capuam
530 871 765 941 obsidendam
786 897 875 969 opus
898 888 1007 957 esset,
1033 879 1128 969 ipim
1149 880 1252 943 scire.

187 983 227 1050 Si
245 996 280 1050 et
297 986 488 1050 Romame
511 981 662 1051 ducibus
679 982 785 1069 alter,
806 999 842 1051 et
861 988 1036 1052 exercitus
1047 1009 1140 1079 pars
1161 991 1258 1053 mitti

181 1108 319 1186 posset,
342 1109 383 1160 ut
396 1092 444 1160 ab
468 1091 605 1188 reliquo
629 1108 664 1160 et
677 1093 769 1163 ditae
786 1110 821 1162 et
835 1099 992 1163 exercitu
1014 1096 1142 1190 Capua
1159 1111 1256 1165 recte

184 1200 429 1286 obsidendum·
448 1208 540 1270 inter
554 1227 592 1271 se
606 1215 879 1298 compararent⁷
900 1202 1070 1272 Claudius
1089 1204 1252 1275 Fulvius·
1295 1253 1298 1258 -

183 1337 270 1408 que,
290 1319 361 1381 utri
373 1312 572 1382 obsidenda
590 1317 733 1409 Capua,
750 1319 835 1413 utri,
852 1312 1178 1408 adprobibendam
1191 1315 1255 1384 ob-

182 1423 322 1491 sidione
329 1429 494 1519 patriam
502 1478 512 1509 ,
533 1429 686 1493 Romam
701 1422 925 1492 vernandum
943 1439 1041 1492 esset.
1058 1428 1136 1495 Hoc
1150 1449 1254 1495 sena-

183 1535 410 1604 tusconsulto
431 1539 591 1631 Capuam
617 1535 774 1631 perlata,
799 1536 842 1620 Q.
866 1532 1011 1602 Fulvius
1034 1536 1253 1628 proconsul,

184 1646 258 1730 cui,
283 1644 420 1741 collega
437 1670 481 1715 ex
499 1646 648 1715 vulnere
670 1668 784 1737 aegro,
802 1642 960 1712 eundum
982 1649 1133 1714 Romam
1155 1660 1254 1734 erat,

179 1779 204 1824 e
216 1753 334 1824 tribus
348 1753 588 1826 exercitibus⁸
607 1754 719 1822 milite
734 1753 868 1838 electo,
887 1753 930 1822 ad
947 1753 1155 1848 quindecim
1169 1756 1254 1826 mil·

183 1863 231 1933 lia
248 1865 429 1960 peditum,
448 1863 546 1932 mille
563 1864 720 1958 equites,
736 1863 956 1932 Vulturnum
979 1864 1142 1934 traducit.
1161 1864 1255 1937 lude

184 1998 298 2068 quum
309 1973 547 2042 Hannibalem
557 1974 683 2043 Latina
693 1974 749 2042 via
760 1975 895 2043 iturum
909 1977 992 2044 satis
1005 1976 1255 2072 comperisset,

184 2086 261 2180 ipse
279 2107 343 2179 per
358 2085 481 2180 Appiae
495 2085 706 2180 municipia,
725 2109 878 2179 quaeque
897 2099 1048 2181 proptor
1064 2111 1141 2156 eam
1157 2088 1256 2156 viam

185 2209 289 2275 suut,
309 2195 462 2280 Setiam,
487 2196 635 2279 Coram,
656 2195 855 2262 Lanuvium
877 2196 1064 2289 praemisit,
1087 2211 1129 2264 ut
1150 2220 1256 2264 com-

184 2318 323 2372 meatus
346 2316 489 2399 paratos
514 2318 550 2372 et
575 2304 611 2371 iu
627 2302 788 2373 urbibus
814 2301 1012 2405 haberent,
1037 2320 1136 2375 etex
1158 2307 1258 2403 agris

183 2412 294 2482 deviis
312 2414 350 2481 in
368 2413 461 2482 viam
480 2409 703 2509 proferrent,
723 2412 959 2511 praesidiaque
976 2416 1014 2483 in
1033 2412 1143 2484 urbes
1162 2439 1259 2486 con-

217 2635 242 2680 6.
266 2635 319 2678 Has
338 2632 443 2678 disertas
460 2633 590 2679 sententias
612 2633 694 2679 media
739 2636 855 2698 suspicari
863 2635 949 2698 possis.
961 2634 1008 2681 Sed
1017 2651 1101 2681 seusus
1110 2635 1259 2696 potiusest:

150 2733 153 2740 ·
182 2698 296 2776 (videad
311 2714 334 2768 Ι,
352 2713 398 2768 32,
414 2712 612 2774 n.5)sententia
627 2711 695 2774 (quae
739 2729 842 2776 quaeque
866 2714 938 2760 urbes
962 2729 1004 2760 seu
1026 2713 1129 2760 colouIae
1148 2726 1262 2776 propter

181 2808 231 2839 vox
243 2793 306 2838 forte
325 2790 440 2855 delenda)
460 2794 490 2838 P.
508 2791 601 2838 Valerii
612 2790 697 2838 Flacci
740 2809 794 2838 eam
805 2791 875 2838 viam
888 2804 945 2838 sunt
956 2809 964 2839 :
982 2808 1038 2838 nam
1049 2791 1129 2847 Setia,
1149 2803 1175 2838 et
1188 2792 1260 2840 Cora

181 2872 256 2928 aicit,
278 2872 320 2934 qui
338 2869 613 2918 consultationum.
629 2869 694 2925 525,
739 2869 1000 2933 nonmunicipiatum
1016 2881 1097 2928 erant,
1121 2869 1165 2916 sed
1184 2871 1261 2919 uolo-

114 2950 117 2954 ’
181 2963 209 2998 ut
221 2954 248 2996 P.
263 2947 387 2996 Cornelius
397 2948 480 3011 Scipio
495 2948 573 2994 Asina
583 2965 621 2994 au.
634 2949 692 2993 531.
739 2949 798 3006 niae,
807 2950 830 2995 in
843 2948 930 3012 quibus
937 2949 1069 2997 noumodo
1077 2965 1149 3012 supra
1157 2950 1198 3007 11,
1215 2953 1261 3010 16,

181 3057 216 3067 -
233 3029 361 3090 Utrunque
374 3020 424 3082 r'ei,
446 3027 535 3088 Capuae
552 3026 693 3072 obsidendae
739 3043 786 3087 αα,
801 3030 851 3086 vt,
869 3029 900 3074 30
922 3040 945 3074 et
965 3029 1009 3085 al,
1032 3028 1075 3075 sed
1097 3028 1170 3075 etiam
1188 3027 1261 3078 infra

181 3111 314 3169 Romaeque
328 3104 439 3161 tuendae,
458 3121 551 3151 memor
556 3123 566 3161 ;
587 3105 644 3151 vide
661 3104 692 3151 ad
737 3109 850 3166 XXVII,
862 3124 889 3168 9,
899 3109 1033 3163 οῑΙΙΙΙΙΙΙ,
1043 3109 1074 3153 15
1081 3118 1261 3159 numerantur.

182 3186 363 3246 111‚36‚n.8.
737 3187 820 3233 Solum
841 3186 976 3232 Lanuvium
1000 3185 1047 3232 fuit
1069 3185 1260 3249 municipium

219 3283 241 3324 7.
261 3269 328 3310 Inter
344 3278 369 3308 se
385 3274 573 3324 comparatam
591 3261 647 3309 vide
661 3263 692 3309 iul
736 3265 792 3312 vide
806 3265 837 3312 ad
846 3266 924 3323 VIII,
937 3273 978 3322 14,
995 3282 1020 3313 u.
1031 3281 1055 3311 2.
1070 3287 1083 3305 «e
1093 3264 1213 3328 Sigonius
1227 3266 1262 3315 de

182 3348 233 3401 III,
245 3361 273 3399 α,
286 3360 311 3390 u.
327 3359 347 3389 1.
737 3357 787 3392 am.
802 3347 850 3404 jur.
865 3343 919 3390 Ital.
932 3345 968 3402 II,
986 3343 1130 3405 9,Velserus
1141 3358 1191 3391 rer.
1201 3346 1262 3393 Au-

219 3427 241 3472 8.
262 3425 284 3468 E
303 3422 377 3468 tribus
391 3419 548 3475 exercitibus,
568 3436 625 3480 suo,
642 3422 691 3484 Ap.
737 3425 839 3486 gust.V‚
849 3438 903 3485 pag.
916 3437 976 3482 279,
992 3433 1015 3468 et
1026 3424 1088 3469 Otto
1097 3421 1127 3468 de
1140 3420 1220 3470 AEdil.
1234 3437 1263 3473 et

182 3503 277 3553 Claudii
296 3513 320 3548 et
336 3503 364 3548 C.
382 3499 478 3546 Claudii
491 3498 608 3559 Neronis:
626 3501 690 3546 Duk.
737 3503 823 3550 Calon.
837 3517 891 3564 cap.
909 3500 1051 3558 1,doccnt‚
1068 3501 1194 3551 interdum
1207 3520 1263 3552 eas·

182 3584 273 3632 Confer
289 3597 340 3644 cap.
359 3595 368 3624 1
386 3589 409 3624 et
420 3579 448 3634 5,
468 3588 492 3623 et
502 3579 586 3636 XXV,
600 3595 641 3624 22.
658 3605 692 3614 —
737 3580 793 3627 dem
808 3580 879 3626 urbes
889 3578 964 3626 modo
975 3579 1096 3636 colonias,
1109 3579 1187 3628 modo
1203 3599 1262 3630 mu—

181 3664 271 3710 mma
283 3661 342 3715 viam
356 3657 413 3704 vide
425 3657 456 3703 ad
472 3659 509 3714 ΙΙ,
525 3658 572 3716 39,
583 3674 608 3704 n.
620 3657 643 3705 3.
657 3685 692 3692 -
737 3658 827 3721 nicipia
836 3660 926 3704 vocarI.
937 3658 993 3705 Dici
1002 3659 1073 3705 etiam
1084 3669 1183 3722 potest,
1197 3664 1263 3725 quia

181 3747 228 3791 Per
241 3741 328 3804 Appiae
345 3739 392 3785 vIae
412 3738 456 3801 (de
471 3754 517 3799 qua
529 3737 585 3783 vide
597 3737 628 3782 ad
641 3739 692 3794 IX,
737 3737 871 3792 Lanuvium
892 3738 944 3783 siue
964 3738 1130 3784 controversia
1150 3740 1262 3791 ibunici-

183 3840 229 3883 29,
246 3838 270 3866 n.
290 3818 320 3882 5)
337 3816 482 3879 muniebam,
503 3818 552 3863 hoc
565 3827 617 3871 est,
638 3832 693 3877 qua·
733 3815 804 3880 pium
814 3816 874 3872 fuit,
885 3816 974 3862 Setiam
983 3826 1007 3863 et
1014 3817 1102 3864 Coram
1113 3816 1204 3865 eodem
1215 3835 1263 3868 no·

178 3912 286 3966 propter,
296 3901 378 3958 juxta,
395 3913 449 3942 eain
463 3896 532 3942 viam
541 3907 615 3940 sunt:
628 3895 694 3941 unde
739 3896 804 3942 miua
816 3894 999 3958 comprehendi.
1009 3917 1021 3936 n
1033 3896 1098 3943 Duls.
1109 3921 1145 3930 -
1153 3899 1264 3949 Pmmr.

181 3981 255 4027 verba
282 3987 484 4042 qrioeque...sunt
501 3974 630 4037 glossatori
651 3974 694 4021 tri·
740 3973 783 4031 sit,
797 3985 990 4030 utcommcatus,
1003 3985 1066 4032 etc.;
1077 3974 1265 4034 videudVIII,

181 4059 292 4118 hauoda,
308 4066 350 4105 aut
364 4053 448 4102 saltem
464 4068 547 4117 quave
565 4053 695 4118 legendum
743 4066 787 4114 19,
799 4069 824 4102 n.
839 4068 878 4105 to.
