2768 4574
158 306 203 381 58
578 314 616 379 r.
648 313 784 380 alvu
1066 287 1188 398 llll:

156 430 202 501 ad
221 432 321 528 signa
338 430 607 501 reducerentur.
633 437 715 502 Haec
733 432 853 501 omnia
874 429 1109 499 intentissima
1128 455 1217 501 cura

157 556 243 611 acta.
268 546 333 639 Ap.
356 541 523 610 Claudius
542 541 688 628 consul,
707 546 752 611 D.
772 541 879 610 lunio
897 538 943 608 ad
957 540 1112 608 ostinm‘*
1124 539 1217 609 Vul-

154 653 272 735 turni,
295 657 343 722 Μ.
367 650 511 721 Aurelio
532 655 636 721 Cotta
658 653 814 721 Puteolis
833 651 1043 748 praeposito,
1065 652 1149 746 qui,
1175 665 1218 720 ut

156 786 311 858 quaeque
324 786 430 832 naves
448 787 491 831 ex
504 763 645 832 Etruria
662 786 702 832 ac
717 761 876 831 Sardinia
890 761 1134 846 accessissent,
1151 785 1217 830 ex-

156 873 292 969 templo
302 873 340 942 in
351 888 464 943 castra
472 873 655 943 mitterent
664 871 901 960 frumentum,
913 873 988 967 ipse
999 871 1041 941 ad
1055 876 1219 968 Capuam

156 1007 353 1077 regressus,
370 987 413 1073 Q.
429 983 595 1054 Fulvium
611 983 783 1080 collegam
802 985 940 1053 invenit
955 982 1119 1070 Casilini,
1136 1005 1218 1051 om-

156 1093 216 1162 nia
234 1093 318 1163 inde
341 1108 547 1189 portantem
565 1093 846 1189 molientemque
869 1094 914 1163 ad
935 1092 1218 1190 oppugnandam

157 1204 328 1298 Capuam.
346 1207 437 1271 Tum
454 1203 561 1273 ambo
583 1203 889 1274 circumsederunt
902 1202 1047 1290 urbem,
1065 1217 1100 1273 et
1115 1203 1220 1272 Clau·
1320 1289 1322 1293 Ι

157 1312 255 1382 dium
275 1317 458 1384 Neronem
479 1328 670 1411 praetorem
692 1313 737 1384 ab
758 1314 925 1384 Suessula
945 1340 988 1384 ex
1013 1312 1219 1383 Claudianis

155 1423 277 1491 castris
288 1417 302 1462 ⁵
312 1425 534 1493 exciverunt.
547 1429 582 1493 ls
595 1449 761 1520 quoque,
774 1423 917 1494 modico
929 1423 980 1493 ibi
996 1421 1160 1520 praesidio
1173 1421 1219 1492 ad

156 1532 355 1603 tenendum
379 1534 499 1604 locum
521 1534 667 1621 relict0,
692 1534 828 1604 caeteris
855 1532 1024 1604 omnibus
1045 1533 1154 1628 copiis
1173 1529 1220 1600 ad
1320 1519 1322 1522 ⁵

156 1647 316 1740 Capuam
331 1643 527 1716 descendit.
541 1650 595 1715 lta
610 1647 676 1715 tria
691 1647 856 1741 praetoria
870 1647 962 1715 circa
975 1648 1133 1740 Capuam
1148 1648 1222 1711 ere'-

157 1767 230 1839 cta,
250 1767 322 1824 tres
335 1767 371 1822 et
388 1756 585 1841 exercitus,
598 1755 745 1825 diversis
760 1754 921 1851 partibus
938 1778 1031 1852 opus
1048 1752 1221 1848 aggressi,

156 1860 251 1934 fossa
272 1863 439 1959 valloque
465 1865 687 1935 circumdare
708 1864 836 1936 urbem
857 1880 1003 1962 parant,
1024 1879 1059 1934 et
1078 1862 1221 1934 castella

157 1969 493 2044 excitanttmodicis
502 1975 912 2072 intervallis3multisque
923 1974 1028 2044 simul
1040 1975 1126 2044 locis
1137 1997 1221 2043 cum

156 2079 434 2176 prohibentibus
447 2107 558 2179 opera
572 2086 761 2181 Campanis
777 2110 820 2155 eo
836 2099 968 2155 eventu
983 2097 1165 2180 pugnant,
1179 2097 1222 2152 ut

156 2204 342 2287 postremo
363 2193 485 2287 portis
503 2216 682 2289 muroque
711 2218 747 2264 se
773 2196 976 2263 contineret
1005 2197 1219 2288 Campanus.

157 2302 258 2373 Prius
274 2316 409 2388 tamen,
428 2326 538 2397 quam
558 2302 633 2371 haec
653 2305 952 2373 continuarentur
969 2327 1098 2399 opera,
1116 2303 1223 2398 legati

117 2480 121 2487 ,
157 2410 202 2484 ad
218 2409 456 2481 Hannibalem
475 2412 590 2499 missi,
614 2414 677 2508 qui
699 2428 959 2509 quererentur,
981 2412 1158 2482 desertam
1177 2411 1222 2482 ab

158 2546 201 2592 eo
216 2524 395 2617 Capuam,
415 2544 455 2591 ac
471 2546 585 2618 prope
600 2521 777 2592 redditam
792 2522 981 2607 Romanis;
996 2520 1223 2592 obtestaren-

157 2647 307 2727 turque,
317 2645 358 2700 ut
372 2645 460 2700 tunc
473 2631 618 2700 saltem⁷
630 2655 738 2726 opem
753 2657 829 2701 non
842 2631 1081 2700 circumsessis
1094 2629 1222 2716 modu,

159 2739 223 2811 sed
246 2742 353 2811 etiam
378 2740 670 2827 circumvallatis,
693 2740 814 2811 ferret.
836 2739 1053 2810 Consulibus
1074 2740 1184 2809 literae
1204 2763 1223 2808 a

158 2855 195 2920 P.
219 2852 387 2922 Cornelio
407 2866 560 2948 praetore
581 2854 717 2940 missae,
742 2856 805 2937 Ut,
820 2856 1058 2948 priusquam
1079 2848 1222 2918 claude·

159 2977 238 3036 rent
251 2963 415 3059 Capuam
429 2962 595 3060 operibus
601 2976 830 3059 ,potestatem
848 2964 1041 3057 Campanis
1043 2962 1222 3050 facerent,

160 3087 214 3158 ut,
231 3079 296 3168 qui
312 3098 437 3143 eorum
451 3073 597 3160 uellent,
616 3079 757 3142 exirent
766 3071 814 3141 ab
835 3076 979 3169 Capua,
999 3095 1155 3167 suasque
1168 3093 1225 3138 res

158 3207 279 3252 secum
291 3185 482 3272 aufirrent.
493 3184 639 3254 Liberos
639 3185 728 3273 fore
737 3208 876 3280 suaque
886 3186 1009 3251 omnia
1022 3180 1223 3284 habiturae,

143 3326 145 3331 ·
159 3298 318 3392 quiante
332 3293 412 3363 idus
425 3300 573 3364 marnas
585 3300 854 3392 exurenttpost
863 3317 945 3362 eam
961 3291 1074 3378 diem,
1091 3295 1226 3387 quique

160 3496 667 3558 cap.11,n.10,etadXXII,457,n.1a.
712 3490 1226 3552 stris;rideadXXIII,31,n.3.-Coe

195 3581 222 3629 4.
234 3574 278 3620 Ad
290 3575 376 3622 ostium
391 3575 518 3632 Vulturni,
533 3587 595 3632 etc.;
612 3574 669 3621 vide
714 3574 770 3621 teris
783 3572 892 3619 omnibus
913 3571 988 3634 copiis
1006 3572 1042 3618 ad
1054 3572 1163 3635 Capuam
1183 3569 1208 3615 d.
1214 3588 1224 3628 ,-

160 3651 192 3701 ad
203 3668 256 3715 cap.
267 3669 312 3710 20,
327 3670 351 3701 u.
365 3671 388 3703 a.
398 3682 433 3691 —
446 3653 542 3701 Invenit
554 3651 667 3709 Casilini,
714 3653 771 3700 vide
780 3651 812 3698 ad
823 3654 849 3709 I,
863 3658 908 3709 14,
922 3653 947 3698 ri.
960 3659 984 3707 4.

160 3731 243 3778 omnia
262 3731 318 3778 inde
332 3745 503 3796 portantem:
521 3734 573 3781 haec
587 3725 669 3779 vlectio
750 3733 774 3778 6.
796 3731 830 3776 Et
843 3730 944 3776 castella
957 3730 1078 3785 excitam,
1104 3727 1168 3774 Gall.
1186 3727 1228 3774 des

161 3809 263 3857 debetur
281 3812 422 3870 Perizonio,
441 3828 501 3859 mox
514 3812 548 3858 ab
564 3811 617 3858 aliis
634 3828 670 3858 re·
706 3810 789 3875 sorts,
800 3809 851 3866 vel,
865 3809 885 3854 si
896 3809 1034 3871 angustiora
1050 3819 1123 3865 sunt,
1141 3806 1182 3852 des
1193 3822 1229 3852 re·

161 3900 243 3951 cepta,
256 3906 331 3952 quum
344 3903 415 3940 antea
425 3891 554 3955 legeretur,
566 3889 667 3947 invenit,
715 3888 815 3945 doutes;
824 3889 899 3935 Doer.
911 3888 1002 3935 Confer
1013 3887 1044 3934 ad
1056 3889 1089 3945 V,
1099 3887 1124 3944 5,
1137 3901 1162 3933 n.
1176 3900 1200 3932 a.

162 3965 268 4020 Casilino
282 3969 554 4033 omnia'importantem.
567 3971 613 4016 En.
751 3984 774 4027 7.
792 3969 824 4013 Ut
836 3978 893 4014 tunc
905 3965 1002 4022 saltem,
1024 3977 1085 4024 etc.,
1102 3966 1167 4011 forte
1180 3963 1227 4026 leg.

196 4047 218 4093 5.
235 4048 275 4095 Ab
287 4049 400 4100 Secessuln
418 4065 450 4097 ex
467 4047 610 4098 Claudianis
629 4064 671 4096 ca·
715 4058 741 4094 ut
754 4063 818 4094 etune
831 4045 1032 4095 s....consulibus
1052 4041 1229 4092 tieerae...mis·
