2768 4574
1070 306 1095 342 Α.
1109 304 1133 345 C.
1149 319 1196 343 m.

154 325 202 420 96
579 329 615 394 T.
649 328 787 395 LIVII
1068 365 1095 405 υ.
1109 366 1133 405 c.
1149 369 1196 415 su.

155 461 385 555 sequeretur,
408 471 495 517 caesa
512 472 555 517 ex
574 447 710 519 insidiis
730 448 864 519 scribit.
885 446 991 545 Apud
1006 471 1132 517 omues
1144 473 1225 519 ma-

156 583 269 657 gnum
292 581 427 626 nomen
453 559 577 627 Marcii
605 558 707 629 ducis
734 574 806 646 est;
830 573 866 628 ct
888 582 980 627 verae
1001 557 1122 656 gloriae
1144 558 1225 652 ejus
1266 609 1273 644 ·.

156 671 265 740 etiam
292 667 463 737 miracula
489 666 628 737 addunt
646 679 688 737 9:
720 669 901 739 flammam
932 669 964 738 ei
991 667 1224 737 concionanti

155 778 273 850 fusam
291 804 310 848 e
333 779 463 875 capite,
478 779 554 848 sine
571 780 682 876 ipsius
700 804 825 866 sensu,
842 802 925 848 cum
939 802 1071 874 magno
1088 801 1224 874 pavore

155 889 464 960 circumstantium
492 889 672 959 militum:
704 890 1045 983 monimentumque
1066 887 1224 956 victoriae

154 1003 232 1096 ejus
265 999 309 1070 de
343 1001 480 1087 Poenis,
514 1024 630 1096 usque
657 999 702 1070 ad
732 1001 961 1070 incensum¹⁰
981 997 1222 1094 Capitolium,

122 1106 127 1113 ’
155 1110 263 1182 fuisse
280 1110 470 1208 intemplo
488 1110 673 1208 clypeum,
695 1112 868 1181 Marcium
886 1108 1122 1207 appellatum,
1137 1114 1224 1178 cuni
1275 1098 1282 1108 ’

154 1223 309 1319 imagine
338 1220 581 1292 Hasdrubalis.
612 1223 750 1312 Quietae
782 1220 914 1292 deinde
947 1217 1157 1317 aliquandiu
1183 1212 1238 1288 in'

156 1333 326 1429 Hispania
347 1356 405 1401 res
426 1330 548 1419 fuere,
568 1334 749 1429 utrisque,
768 1346 850 1428 post
869 1345 986 1400 tantas
1006 1340 1167 1425 acceptas
1185 1327 1225 1398 in

153 1443 269 1512 vicem
283 1441 471 1536 illatasque
490 1440 623 1530 clades,
639 1441 894 1514 cunctantibus
911 1438 1110 1538 periculum
1126 1461 1224 1508 sum·

154 1583 221 1628 mac
235 1581 358 1627 rerum
373 1553 541 1627 facere¹¹.

203 1673 276 1738 XL.
297 1673 395 1737 Dum
413 1667 490 1738 haec
509 1669 547 1738 in
565 1668 735 1764 Hispania
752 1682 946 1765 geruntur,
966 1668 1156 1739 Marcellus
1171 1693 1226 1740 ca·

155 1781 226 1876 ptis
241 1779 440 1874 Syracusis,
456 1803 570 1875 quum
582 1793 707 1848 caetera
718 1781 755 1848 in
767 1779 884 1849 Sicilia
907 1793 1004 1850 tanta
1021 1777 1093 1849 fide
1113 1792 1225 1874 atque

154 1890 360 1985 integritate
375 1889 655 1983 composuisset,
670 1901 711 1957 ut
727 1913 803 1957 non
817 1888 928 1960 modo
940 1913 1042 1959 suam
1056 1888 1226 1984 gloriam,

155 1997 344 2070 sedetiam
360 1997 583 2091 majestatem
605 1997 732 2094 populi
751 2001 909 2087 romani,
931 2013 1094 2096 augeret,
1114 2000 1247 2068 ornas

155 2123 278 2179 menta
300 2106 418 2194 urbis,
441 2108 559 2204 signa,
581 2106 813 2203 tabulasque,
834 2107 968 2204 quibus
987 2105 1227 2179 abundabant

156 2223 356 2313 Syracusae,
377 2223 528 2287 Romam
546 2217 699 2289 devexit.
720 2220 886 2288 Hostium
904 2219 1049 2315 quidem
1067 2218 1127 2288 illa
1145 2242 1227 2314 spo

157 2328 203 2397 lia
218 2344 253 2399 et
269 2344 371 2426 parta
390 2328 476 2399 belli
493 2328 574 2422 jure
591 2354 599 2396 t
615 2342 784 2398 caeterum
803 2327 887 2397 inde
905 2328 1061 2425 primum
1080 2327 1226 2395 initium

155 2439 312 2509 mirandi
334 2464 530 2536 graecarum
550 2439 682 2521 artium
710 2447 863 2534 opera1,
887 2438 1113 2532 licentiaeque
1137 2434 1227 2507 huic

155 2574 255 2622 sacra
271 2549 495 2647 profanaque
510 2548 632 2618 omnia
652 2545 761 2642 vulgo
785 2546 962 2652 spoliandi
984 2545 1193 2617 factumest
1215 2570 1224 2613 t

193 2745 217 2792 9.
230 2731 264 2776 Et
271 2746 338 2776 verce
350 2729 437 2794 gloriae
448 2729 498 2794 ejus
508 2729 583 2776 etiam
593 2729 667 2776 mira·
712 2728 743 2774 ad
756 2728 812 2776 Div.
823 2730 899 2787 VIII,
917 2700 961 2788 lq,
982 2729 1066 2792 ibique
1079 2729 1177 2797 munt.
1190 2756 1228 2765 —-

155 2809 212 2868 cula
224 2808 331 2864 addunt,
344 2808 456 2856 historici
467 2809 543 2857 modo
556 2808 648 2856 laudati
660 2823 666 2856 :

156 2889 236 2951 qualia
256 2887 286 2934 de
303 2889 403 2935 summis
420 2889 478 2935 viris
496 2886 557 2952 fingi
572 2887 667 2945 solent,

157 2967 226 3014 verbi
239 2983 310 3013 causa
321 2968 456 3034 flammam
469 2984 482 3012 e
494 2967 574 3030 capite
581 2965 669 3031 fusam

156 3063 209 3093 esse
225 3046 280 3111 (vel
297 3047 412 3104 eluxisse,
427 3058 455 3094 ut
466 3046 548 3093 valer.
562 3047 629 3093 Max.
644 3047 669 3100 1,

158 3126 189 3183 6,
206 3142 238 3183 a,
255 3125 285 3173 de
297 3126 381 3173 eadem
392 3142 417 3172 re
432 3122 506 3187 dicit)
525 3124 555 3170 de
569 3124 668 3182 Servi03

157 3204 384 3267 videad1,39,n.
402 3219 423 3252 1.

195 3298 234 3330 ιο.
248 3285 327 3346 Usque
336 3282 373 3329 ad
381 3282 503 3329 incensum
510 3282 667 3345 Capitolium,

156 3363 225 3424 quod
236 3361 294 3409 arsit
303 3362 410 3426 primum
419 3360 485 3408 bello
493 3361 572 3421 civili,
582 3362 670 3409 deinde

158 3441 260 3488 Vitellio
273 3452 401 3503 regnante3
425 3439 482 3486 vide
498 3441 556 3486 Tac.
567 3441 632 3490 Hist.
645 3445 682 3500 I,

160 3536 189 3579 ²3
200 3522 250 3577 111,
264 3534 310 3579 7²3
321 3521 367 3577 IV,
379 3519 420 3566 53.
428 3545 463 3553 -
475 3518 587 3582 Clypeum
601 3524 670 3568 Mar·

159 3599 223 3646 cium
231 3616 286 3645 cum
299 3597 406 3661 inmgiue
418 3598 450 3643 11„
469 3598 559 3646 Confer
569 3615 595 3648 n.
611 3617 634 3660 7.

197 3675 670 3742 11.Perieulumsummcererumsacere;

160 3756 217 3803 vtae
231 3755 431 3813 aureus-2.
491 3742 494 3748 '

196 3835 257 3882 Car.
275 3836 328 3881 XL.
342 3849 364 3879 1.
382 3834 445 3881 Inde
452 3837 562 3899 primum
577 3837 671 3884 initium

161 3911 269 3959 mirandi
287 3928 423 3977 graecarum
448 3916 538 3964 artium
568 3931 671 3979 opera:

161 3991 229 4054 quod
255 3991 361 4040 studium
386 3994 462 4041 crevit
484 4006 542 4057 post
559 3996 671 4044 Corinthi

162 4070 293 4124 excidium.
313 4072 404 4122 Confer
421 4073 550 4133 XXXIX,
569 4076 602 4136 6;
618 4075 670 4128 Cic.

712 2807 781 2855 Nihil
792 2808 887 2859 variant
897 2809 1010 2856 hocloco
1020 2808 1106 2872 scripti
1115 2819 1140 2857 et
1150 2807 1228 2868 editi,

713 2898 737 2934 et
750 2898 831 2933 tamen
847 2889 985 2952 suspicatur
998 2889 1126 2938 Creverius
1137 2904 1229 2936 vocem

714 2981 788 3030 opera
813 2984 827 3013 a
847 2984 919 3015 manu
939 2970 1001 3016 mala
1023 2985 1082 3016 esse.
1105 2968 1229 3024 «Etenim

714 3046 821 3093 mirandi
836 3063 974 3112 graecarum
996 3048 1086 3096 areium
1098 3047 1178 3112 proba
1189 3047 1231 3095 lo-

714 3127 781 3173 euti0
790 3139 842 3184 est,
859 3140 887 3176 ut
898 3145 971 3192 supra
984 3130 1063 3186 XXI,
1084 3135 1131 3186 41,
1148 3127 1231 3175 vestm

714 3205 876 3264 adhortandi,
895 3219 919 3255 et
932 3208 998 3272 apud
1010 3209 1062 3257 Cic.
1072 3207 1135 3256 Phil.
1148 3209 1181 3264 V,
1194 3208 1229 3268 6,

714 3300 829 3349 agrorum
843 3286 892 3333 suis
906 3287 1039 3335 latronibus
1051 3273 1227 3344 condonandi,

714 3375 738 3411 et
749 3364 779 3411 al.
787 3366 843 3412 Jam
857 3382 915 3413 vero
929 3377 994 3413 artes
1005 3367 1126 3430 eleganter
1138 3364 1230 3413 dicun·

714 3456 753 3491 tur
775 3460 821 3507 pro
840 3445 978 3510 artefaatio.
992 3467 1004 3486 »
1028 3448 1114 3493 Posset
1132 3455 1157 3493 et
1175 3445 1231 3493 huc

714 3524 851 3585 graecismus
874 3525 979 3584 afferrI,
1003 3523 1138 3572 Iustitiam
1154 3523 1231 3588 prius

715 3603 796 3659 mirer,
811 3603 876 3664 apud
890 3603 954 3668 Virg.
968 3607 1023 3652 AEn.
1038 3605 1090 3661 XI,
1108 3603 1166 3652 126.
1178 3605 1232 3653 Sed

714 3681 777 3728 hanc
789 3681 940 3730 locutionem
951 3683 1042 3730 nulline
1051 3681 1108 3730 cod·
1120 3685 1232 3747 auctori-

715 3769 764 3807 tate
777 3760 867 3820 nisam,
876 3778 955 3825 neque
964 3763 1034 3810 Livio
1045 3762 1233 3828 usitatam,ipei

716 3838 847 3886 obtrudere
856 3857 907 3888 non
918 3841 991 3889 audet
1001 3840 1233 3894 Drakenborehiue.

716 3919 760 3966 En.
778 3944 811 3954 -
831 3919 993 3984 Licentr'aeque
1013 3920 1081 3978 hrtr'e,
1108 3922 1233 3986 temporie

716 3996 802 4058 hujus,
821 3998 933 4058 Liviani3
953 3999 1010 4046 vide
1024 4000 1056 4047 ad
1073 4002 1097 4058 1,
1112 4000 1140 4059 5,
1159 4017 1185 4049 n.
1202 4017 1235 4064 1,

715 4076 772 4125 huie
785 4093 816 4126 ex
829 4078 923 4126 emend.
935 4082 1013 4130 Grau.
1026 4095 1074 4146 pro
1084 4079 1152 4146 vulg.
1162 4079 1234 4134 him.
