2768 4574
183 274 306 381 3:233}
388 294 542 360 traua
573 292 991 363 xxvucanurv.
1151 292 1220 368 255

158 418 260 487 omni
280 413 439 486 exercitu
458 427 544 482 erat.
569 414 693 501 Quum
717 435 849 509 anceps
873 410 936 483 diu
961 436 1083 511 pugna
1111 432 1221 504 esset,

158 524 336 598 Hannibal
359 523 572 621 elephantos
596 523 633 591 in
653 523 805 618 primam
825 523 936 591 aciem
955 523 1078 594 induci
1096 526 1222 620 jussit,
1313 567 1314 576 κ

157 640 187 706 si
206 661 318 734 quem
333 635 479 729 injicere
494 658 536 704 ea
553 656 611 702 res
627 631 825 700 tumultum
838 654 885 700 *ac
900 653 1068 727 pavorem
1088 650 1221 731 posset.

157 753 202 818 Et
220 748 337 846 primo
356 743 550 815 turbarunt
570 743 671 838 signa
693 739 931 836 ordinesque,
957 753 993 809 et
1011 743 1141 836 partim
1159 769 1222 814 oc-

158 858 324 944 culcatis‚
350 856 481 953 partim
506 852 685 947 dissipatis
706 864 868 937 terrore,
897 851 961 945 qui
983 852 1076 921 circa
1099 870 1221 943 erant,

157 966 383 1037 nudaverant
399 984 473 1033 una
495 975 597 1059 parte
618 961 731 1039 aciem
749 985 756 1027 :
777 960 956 1056 latiusque
981 959 1065 1058 fuga
1080 986 1244 1035 manas-›

156 1092 230 1163 set,
256 1076 295 1145 ni
316 1078 355 1145 C.
376 1073 557 1159 Decimius
577 1069 705 1140 Flavus
730 1068 899 1140 tribunus
916 1069 1094 1159 militum,
1119 1074 1222 1170 signo

157 1200 303 1284 arrepto
319 1185 425 1282 primi
438 1182 611 1270 hastam,
624 1179 854 1278 manipulum
870 1180 947 1275 ejus
962 1181 1055 1279 signi
1067 1205 1105 1252 se
1120 1187 1223 1289 sequi

152 1299 327 1392 jussisset.
349 1297 480 1380 Duxit,
504 1290 570 1362 ubi
591 1291 746 1362 maxime
772 1290 972 1360 tumultum
999 1291 1223 1389 conglobatae

157 1404 286 1476 belluae
300 1401 496 1490 faciebant,
511 1400 657 1498 pilaque
673 1401 712 1469 in
728 1423 788 1470 eas
804 1401 935 1495 conjici
950 1400 1066 1496 jussit.
1082 1406 1223 1474 Haesere

93 1549 97 1567 ·
157 1515 281 1597 omnia
303 1512 376 1584 tela
392 1510 490 1582 haud
512 1508 649 1581 difficili
667 1535 712 1581 ex
733 1512 942 1607 propinquo
960 1513 999 1583 in
1019 1527 1116 1583 tanta
1142 1537 1223 1585 cor-

157 1619 248 1724 pora
267 1628 341 1696 ictu
359 1637 395 1694 et
413 1637 487 1695 tam
504 1620 666 1693 conferta
685 1617 816 1692 turba⁵
833 1647 841 1690 τ
861 1622 925 1694 sed
942 1637 1074 1694 utnon
1095 1649 1223 1697 omnes

156 1735 335 1806 vulnerati
354 1748 457 1823 sunt,
477 1735 548 1821 ita,
572 1735 610 1802 in
634 1754 792 1830 quorum
819 1734 927 1830 tergis
956 1732 1067 1805 infixa
1091 1749 1222 1808 stetere
1241 1738 1251 1759 ““

157 1848 231 1944 pila
247 1847 307 1927 (ut
328 1858 382 1914 est
400 1867 515 1940 genus
533 1850 701 1941 anceps),
725 1843 762 1912 in
784 1840 907 1940 fugam
925 1844 1019 1914 versi
1038 1844 1146 1914 etiam
1164 1847 1222 1914 in·

158 1972 277 2053 tegros
299 1967 471 2024 avertere.
490 1957 581 2023 Tum
601 1953 675 2047 jam
694 1978 769 2023 non
791 1977 888 2024 unus
910 1950 1138 2051 manipulus,
1158 1954 1222 2027 sed

157 2090 225 2165 pro
237 2090 275 2135 se
285 2063 442 2161 quisque
451 2062 570 2150 miles,
583 2064 646 2158 qui
657 2061 768 2133 modo
786 2064 928 2159 assequi
944 2088 1073 2161 agmen
1088 2063 1223 2162 fugien-

156 2179 249 2248 tium
264 2172 543 2275 elephantorum
564 2187 721 2270 poterat‚
737 2173 809 2271 pila
827 2175 1014 2269 conjicere.
1037 2179 1091 2245 Eo
1108 2177 1222 2274 magis

156 2312 262 2358 ruere
270 2289 308 2357 in
319 2284 557 2374 suosbelluae;
570 2299 747 2382 tantoque
758 2284 929 2379 majorem
939 2300 1092 2383 stragem
1102 2286 1221 2377 edere,

157 2424 267 2494 quam
280 2401 375 2471 inter
385 2399 507 2469 hostes
520 2395 725 2484 ediderant,
737 2410 874 2492 quanto
886 2396 1003 2467 acrius
1015 2421 1128 2494 pavor
1139 2422 1222 2469 con·

157 2523 351 2580 sternatam
364 2511 453 2606 agit,
468 2532 577 2605 quam
593 2505 782 2577 insidentis
795 2508 954 2602 magistri
968 2509 1122 2606 imperio
1131 2510 1222 2606 regi-

158 2631 228 2685 tur.
239 2622 281 2686 In
294 2618 540 2715 perturbatam
554 2633 763 2687 transcursu
776 2614 980 2686 belluarum
994 2618 1107 2688 aciem
1122 2619 1222 2714 signa

157 2723 319 2794 inferunt
331 2729 473 2796 romani
486 2725 644 2823 pedites,
656 2723 797 2796 ethaud
807 2749 938 2821 magno
948 2729 1143 2799 certamine
1153 2728 1223 2800 dis·

158 2836 292 2930 sipatos
303 2833 782 2930 trepidantesqueavertunt.
791 2839 882 2903 Tum
891 2836 928 2903 in
937 2833 1115 2932 fugientes
1123 2841 1224 2935 equi-

157 2957 272 3013 tatum
286 2943 445 3012 immittit
458 2943 667 3031 Marcellin,
683 2968 750 3014 nec
762 2959 846 3040 ante
857 2942 940 3014 finis
954 2944 1154 3042 sequendi6
1169 2965 1223 3020 est

157 3047 292 3138 lactus,
309 3075 419 3147 quam
439 3051 478 3120 in
494 3065 609 3121 castra
626 3066 799 3148 paventes
815 3054 994 3152 compulsi
1013 3072 1097 3127 sunt
1113 3085 1122 3126 z
1139 3084 1223 3129 nam

157 3239 377 3302 animosioremque
394 3237 508 3285 reddidit.
527 3237 618 3285 Confer
635 3238 667 3284 ad
710 3239 873 3302 phantomm,
895 3242 937 3304 qui
956 3243 1047 3289 tamin
1067 3258 1136 3302 suos,
1151 3261 1225 3307 quam

159 3320 198 3377 Il,
212 3321 252 3372 31,
266 3335 291 3365 n.
304 3335 327 3377 1,
340 3328 365 3365 ct
376 3318 453 3375 m,
466 3317 507 3375 43,
518 3332 544 3362 n.
556 3331 595 3363 12.
710 3319 737 3364 in
754 3317 838 3367 hostes
857 3331 947 3378 ruunt;
967 3322 1051 3385 Sigon.
1068 3321 1124 3369 Nisi
1141 3323 1225 3386 potius

194 3404 219 3450 4.
228 3397 299 3461 Signo
309 3407 406 3460 arrepto
416 3395 493 3459 primi
501 3394 592 3442 hastati
595 3412 605 3452 ,·
615 3393 665 3442 vid.
712 3407 748 3443 est
759 3398 874 3462 ancipitis
888 3409 912 3446 et
921 3399 1002 3447 dubiae
1011 3400 1124 3449 utilitatis
1132 3418 1140 3460 ;
1149 3404 1225 3450 Doer.

158 3473 190 3519 ad
201 3477 239 3533 11,
253 3492 295 3536 27,
308 3493 334 3525 n.
345 3492 369 3537 7.
712 3475 951 3536 ctad1,25‚n.a.
967 3505 1003 3516 -
1020 3480 1118 3541 Quanto
1128 3480 1221 3539 aerius,

195 3553 219 3599 5.
227 3554 261 3600 Et
269 3565 318 3600 tam
328 3552 438 3618 conferto
450 3554 528 3601 turba.
538 3553 668 3603 Creverius
712 3553 814 3613 fortius,
826 3571 907 3619 pavor
922 3568 1100 3605 consternatam
1114 3560 1226 3622 quamvis

158 3630 190 3676 ad
210 3630 276 3678 hunc
296 3633 378 3679 locum
398 3645 468 3697 putat
489 3634 585 3680 Livium
608 3635 667 3681 sori·
711 3633 817 3681 belluam
832 3635 897 3698 agit,
914 3651 941 3682 ea
960 3652 1051 3699 pavore
1070 3649 1182 3685 movetur
1200 3651 1224 3688 et

158 3709 246 3772 psisse,
263 3711 325 3758 utin
334 3713 390 3760 Put.
402 3713 499 3776 legitur,
512 3723 537 3758 ot
550 3723 601 3759 tum
614 3728 668 3759 con·
711 3713 884 3776 perturbatur,
904 3731 979 3777 quam
996 3715 1107 3780 magistri
1124 3717 1224 3780 imperio

150 3786 221 3852 serta
239 3788 318 3836 turba.
339 3791 396 3853 Ipse
412 3791 596 3855 elephantorum
613 3806 668 3839 cor·
712 3791 821 3857 regitur:
834 3793 869 3840 ite
882 3792 971 3857 optimi
980 3794 1044 3842 MSS
1055 3795 1129 3858 prob.
1142 3799 1220 3846 Gron.

157 3883 218 3931 pora
238 3867 272 3914 ob
290 3867 380 3914 molem
394 3879 480 3932 patent
496 3870 607 3919 Ictibus:
624 3871 668 3919 sed
711 3872 764 3921 Atii
779 3882 804 3919 et
820 3872 876 3920 edd.
894 3883 952 3922 vett.
968 3885 1135 3924 consternatas
1151 3889 1176 3925 et
1189 3894 1226 3924 re-

158 3959 210 3994 tum
224 3962 255 3994 eo
269 3945 345 4009 magis
356 3947 424 4009 quod
438 3948 546 3996 conferta
557 3961 609 3999 erat
619 3961 668 3998 tur·
709 3963 808 4016 guntur.

157 4025 197 4074 ba.
214 4028 260 4074 En.
277 4053 312 4063 -
333 4027 365 4071 lJt
379 4036 415 4072 est
426 4042 502 4089 genus
519 4043 607 4092 anceps
624 4030 669 4077 ele
732 4031 757 4077 6.
768 4029 834 4077 uinis
845 4030 973 4094 sequendi,
985 4033 1157 4097 persequendi.
