2768 4574
183 325 300 434 sta:
349 350 440 416 Lm.
468 350 608 416 xxix,
635 352 742 418 car.
768 353 909 419 xxix.
940 353 1058 419 xxx.
1144 349 1213 420 503

156 471 278 539 castris
296 468 412 567 palam
431 469 575 566 positis,
595 468 812 539 descendere
829 493 951 566 regem
967 471 1006 539 in
1025 472 1153 555 aciem,
1173 497 1214 542 ac

158 576 327 649 dimicare
344 578 389 649 de
414 603 527 675 regno
553 579 679 676 coegit.
699 583 742 648 In
761 603 805 650 eo
826 578 950 675 praelio
972 582 1111 676 Capusa
1132 605 1216 650 cum

156 688 279 759 multis
293 690 499 786 principum
511 688 658 775 cecidit,
671 714 758 785 gens
773 689 1010 787 Massylorum
1028 686 1166 761 omnis5
1177 694 1215 761 in

157 797 331 870 ditionem
353 800 620 895 imperiumque
636 799 804 870 Mezetuli
824 801 1010 870 concessit.
1031 802 1142 895 Regio
1159 816 1214 871 ta-

157 933 242 979 men
255 911 403 980 nomine
420 907 611 997 abstinuit;
625 923 892 1006 contentusque
908 911 1056 981 nomine
1072 911 1215 982 modico

156 1021 303 1105 tutoris,
318 1042 472 1116 puerum
487 1021 726 1106 Lacumacen,
741 1021 804 1114 qui
827 1019 946 1115 stirpis
964 1018 1068 1115 regiae
1087 1041 1215 1113 super·
1270 1062 1274 1071 ·

159 1142 248 1215 erat,
262 1152 384 1225 regem
402 1127 568 1225 appellat.
587 1126 915 1224 Carthaginiensem
938 1127 1099 1198 nobilem
1117 1123 1216 1196 femi-

159 1263 260 1326 nam,
276 1240 408 1308 sororis
426 1237 535 1308 filiam
549 1236 778 1326 Hannibalis,
798 1263 878 1334 quae
897 1237 1060 1334 proxime
1076 1235 1217 1305 OEsalci
1306 1256 1309 1261 ’

157 1349 233 1444 regi
251 1363 364 1445 nupta
383 1346 518 1435 fuerat,
538 1350 766 1421 matrimonio
794 1348 862 1419 sibi
878 1349 1020 1445 jungit,
1044 1371 1107 1444 spe
1130 1352 1215 1418 Car-

158 1453 434 1553 thaginiensium
453 1455 668 1547 societatis⁶3
688 1474 724 1530 et
740 1484 824 1530 oum
838 1457 999 1555 Syphace
1015 1456 1213 1554 hospitium

157 1581 338 1638 vetustum
357 1566 480 1664 legatis
493 1570 608 1640 missis
620 1584 788 1658 renovat,
800 1569 922 1640 omnia
933 1592 975 1638 ea
988 1566 1118 1637 auxilia
1133 1592 1217 1665 prae-

158 1701 287 1774 parans
305 1678 475 1749 adversus
492 1680 723 1750 Masinissam.

206 1793 315 1858 XXX.
332 1793 377 1859 Et
389 1789 591 1876 Masinissa,
605 1788 726 1860 audita
744 1805 861 1863 morte
874 1792 1009 1887 patrui,
1027 1790 1112 1860 dein
1128 1812 1216 1858 nece

157 1899 276 1972 fratris
290 1904 474 2000 patruelis,
487 1928 531 1974 ex
544 1905 713 2001 Hispania
724 1907 763 1974 in
777 1907 1026 1976 Mauritaniam
1041 1902 1218 1997 (Bocchar

158 2030 201 2079 ea
214 2023 424 2106 tempestate
437 2037 503 2082 rex
513 2017 724 2083 Maurorum
741 2015 836 2111 erat)
849 2015 988 2110 trajicit.
1005 2013 1061 2085 Ab
1078 2039 1122 2084 eo
1137 2037 1218 2109 sup-

159 2119 244 2218 plex
257 2119 389 2192 infimis
403 2121 571 2219 precibus
588 2123 761 2193 auxilium
776 2125 915 2209 itineri,
934 2124 1106 2220 quoniam
1120 2120 1216 2192 bello

158 2253 235 2300 uon
261 2245 419 2327 poterat,
442 2246 599 2327 quatuor
627 2232 738 2302 millia
765 2238 972 2304 Maurorum
999 2230 1214 2328 impetravit.

158 2345 251 2412 Cum
269 2342 331 2430 iis,
349 2343 530 2438 praemisso
549 2344 679 2413 nuntio
699 2343 744 2413 ad
762 2358 932 2442 paternos
950 2367 1107 2437 suosque
1128 2340 1217 2411 ami-

158 2475 238 2539 cos,
253 2477 368 2548 quum
379 2453 424 2523 ad
433 2449 524 2525 fines
535 2454 638 2550 regni
648 2456 886 2551 pervenisset,
902 2451 1092 2549 quingenti
1103 2448 1215 2520 ferme

157 2561 321 2633 Numidae
333 2562 472 2634 adeum
486 2578 743 2634 convenerunt.
752 2565 866 2660 Igitur
873 2562 1009 2631 Mauris
1020 2557 1117 2645 inde,
1128 2559 1218 2627 sicut

159 2685 393 2756 convenerat,
411 2687 511 2742 retro
526 2671 572 2742 ad
592 2696 714 2768 regem
731 2672 906 2754 remissis,
928 2690 1137 2763 quanquam
1153 2664 1216 2735 ali·

159 2791 298 2871 quanto
315 2779 435 2848 minor
458 2804 551 2876 saepe
569 2778 782 2866 multitud0,
802 2802 870 2848 nec
888 2801 970 2846 cum
991 2799 1063 2870 qua
1080 2787 1226 2864 tantam

158 2909 235 2955 rem
252 2885 396 2982 aggredi
417 2889 500 2958 satis
518 2887 683 2972 auderet,
705 2889 936 2974 conveniret;
956 2900 1053 2955 ratus
1075 2882 1214 2978 agendo

158 3018 199 3064 ac
220 2996 403 3067 moliendo
422 2998 516 3067 vires
536 3021 685 3092 quoque
711 2995 757 3065 ad
779 2995 958 3093 agendum
983 2991 1118 3088 aliquid
1143 2990 1214 3061 col·

157 3104 353 3193 lecturum,
376 3105 620 3204 proficiscenti
645 3104 690 3174 ad
712 3106 910 3202 Syphacem
931 3101 1138 3173 Lacumaci¹
1160 3124 1213 3169 re-

158 3311 231 3359 0vid.
238 3313 299 3358 Met.
306 3313 358 3369 11,
367 3310 426 3359 326.
437 3311 477 3357 Sic
485 3320 509 3357 et
518 3308 599 3372 simpl.
608 3305 665 3354 alie-
707 3300 739 3348 nd
747 3303 872 3348 Romanos
882 3299 984 3346 descivit
992 3293 1131 3350 Masinissa3
1140 3292 1214 3338 Doer.

158 3406 203 3437 raus
212 3392 346 3453 opponitur
350 3388 489 3453 propinquo
502 3404 516 3434 a
530 3386 581 3434 Cic.
591 3387 664 3433 Dom.
708 3409 742 3417 —
752 3382 896 3443 Congruuut
910 3378 974 3427 enim
987 3385 1112 3438 tempora:
1123 3369 1214 3433 quippe

160 3482 202 3529 ²7,
217 3480 241 3515 et
248 3469 323 3517 ovid.
333 3470 395 3516 Met.
405 3470 446 3525 X,
460 3468 519 3521 Sto.
534 3467 597 3512 Mox
608 3480 664 3512 cum
707 3461 835 3509 Masinissa
844 3460 916 3506 etiam
925 3466 976 3503 tum
986 3456 1013 3500 in
1024 3449 1141 3514 Hispania
1151 3458 1214 3537 emt,

158 3546 224 3595 Duk.
237 3547 299 3594 forte
311 3547 358 3610 leg.
370 3545 413 3612 qui
423 3545 452 3592 id
459 3557 509 3592 tum
517 3543 664 3592 obtinebant.
708 3554 784 3603 quum
793 3538 844 3598 ejus
853 3551 954 3600 regnum
966 3531 1103 3581 Meretulus
1111 3524 1214 3616 iuvadt't.

195 3625 219 3670 5.
241 3626 305 3672 Gens
320 3627 481 3688 Massylorum
496 3622 573 3670 omnis
578 3641 589 3680 ,·
608 3621 665 3669 vide
708 3620 793 3666 Postea
806 3631 882 3663 novas
895 3614 953 3661 odio
967 3612 1018 3672 ejus
1034 3611 1061 3657 in
1076 3611 1165 3655 Poenos
1176 3620 1214 3649 vr·

159 3701 191 3750 ad
204 3705 302 3762 xm,
316 3706 347 3759 48
356 3739 364 3763 ,
374 3721 400 3752 n.
413 3719 435 3750 1.
708 3713 746 3743 res
763 3694 859 3742 addidit
874 3692 985 3757 profecto
1006 3688 1095 3736 tradita
1108 3682 1215 3748 Syphaci

194 3783 218 3829 6.
229 3783 275 3845 Spe
286 3781 519 3847 Carthaginiensium
527 3778 664 3828 societatis:
708 3785 792 3822 contra
806 3771 880 3820 fidem
896 3772 941 3835 ipsi
954 3769 1034 3816 datam
1049 3767 1077 3813 in
1089 3764 1213 3812 matrimo-

159 3878 191 3909 ex
203 3860 229 3907 h.
240 3861 257 3908 l.
272 3872 296 3908 et
310 3876 363 3924 cap.
382 3875 432 3922 seq.
446 3870 526 3923 patet,
539 3856 664 3919 Carthagi·
707 3856 774 3901 nium
788 3849 953 3916 Sophonisba3
964 3847 1021 3894 vide
1037 3845 1068 3893 ad
1085 3842 1211 3896 XXVIII,

159 3940 254 3988 nienses
262 3939 402 3987 Lacumacis
410 3950 435 3985 et
445 3937 559 3986 Meretuli
569 3951 664 3984 causam
711 3932 750 3980 16.
763 3932 808 3978 En.

160 4031 244 4067 contra
254 4018 406 4066 Masinissam
418 4019 509 4082 egisse3
521 4017 592 4065 crev.
607 4018 664 4061 For·
743 4012 803 4059 Car.
818 4010 901 4055 XXX.
919 4022 941 4052 1.
961 4001 1093 4051 marmari
1112 4000 1208 4063 regulo,

160 4109 222 4146 tasse
235 4097 267 4145 oh
280 4097 343 4145 hauc
355 4097 432 4162 ipsam
443 4110 537 4145 eausam
553 4094 665 4164 aioenis
708 4089 771 4153 regis
779 4086 844 4147 filio,
858 4097 900 4134 aut
913 4084 984 4150 regie
995 4082 1092 4147 stirpis;
1108 4077 1164 4126 vids
1180 4076 1212 4124 ad
