2768 4574
199 269 262 378 llll
277 271 323 383 322:
347 298 431 364 nra.
451 294 613 361 xxnn.
634 293 733 360 cir.
754 293 915 360 xxxin.
934 295 1097 363 xxxiv.
1162 298 1231 389 407

153 419 270 504 lecit,
282 431 324 486 nt
342 417 421 512 ipso
438 413 635 511 certamine
651 426 830 482 averteret
847 412 893 483 ab
910 429 1108 511 conspectu
1124 428 1235 486 trans-

170 530 335 598 euntium
358 550 424 623 per
445 523 554 596 colles
576 523 741 619 equitnm
757 548 765 591 :
783 548 903 619 neque
927 539 1010 595 ante
1029 524 1233 595 circumdu-

169 655 245 709 etos
273 662 437 723 sensere,
466 659 576 731 quam
600 632 798 704 tumultum
826 635 1001 729 equestris
1029 660 1159 731 pugnae
1186 633 1231 706 ab

169 763 273 848 tergo
299 771 481 845 accepere.
507 751 560 816 Ita
587 744 660 814 dno
685 744 805 841 praelia
825 759 928 814 erant
944 771 952 812 ε
968 744 1047 813 duae
1068 745 1231 841 peditum

168 860 281 943 acies,
304 857 377 928 duo
403 857 583 953 equitatus
609 879 676 951 per
698 853 964 951 longitudinem
988 857 1125 952 campi,
1145 857 1231 951 quia
1303 946 1305 953 .

170 970 310 1040 misceri
338 993 383 1037 ex
412 991 543 1064 genere
571 979 729 1062 utroque
761 966 924 1062 praelium
953 967 1124 1063 angustiae
1154 991 1231 1037 non

168 1077 417 1177 patiebantur,
444 1073 667 1173 pugnabant.
696 1077 938 1173 Hispanorum
967 1101 1082 1173 quum
1110 1101 1231 1173 neque

168 1183 280 1283 pedes
305 1188 437 1282 equiti,
460 1210 528 1257 nec
552 1210 662 1283 eques
685 1186 799 1282 pediti
824 1186 956 1257 anxilio
983 1200 1094 1272 esset,
1117 1185 1230 1283 pedes
1273 1178 1276 1184 ¹

166 1297 298 1368 fiducia
322 1298 453 1394 equitis
471 1311 607 1367 temere
631 1298 842 1368 commissus
866 1322 994 1395 campo
1016 1296 1229 1385 caederetur,

164 1429 278 1500 ,eques
295 1407 564 1477 circumventus
581 1430 649 1476 nec
664 1407 822 1502 peditem
840 1433 860 1477 a
877 1406 999 1478 fronte
1022 1407 1113 1504 (jam
1133 1408 1229 1477 enim

76 1560 82 1581 .
165 1529 282 1585 stratae
301 1517 484 1614 pedestres
505 1518 617 1614 copiae
639 1519 775 1612 eraut),
795 1544 862 1589 nec
881 1519 926 1590 ab
943 1535 1047 1615 tergo
1067 1521 1227 1616 equitem

165 1628 374 1715 sustineret,
393 1642 429 1697 et
442 1628 528 1723 ipsi,
547 1649 661 1722 quum
680 1625 743 1696 diu
756 1628 795 1697 iu
812 1626 940 1697 orbem
956 1653 1032 1698 sese
1049 1628 1228 1700 stantibus

165 1738 266 1833 equis
288 1732 567 1824 defendissent,
586 1734 633 1806 ad
651 1761 766 1806 unum
785 1760 912 1806 omnes
935 1738 1014 1807 caesi
1035 1752 1141 1807 sunt:
1160 1763 1229 1809 nec

162 1849 356 1944 ,quisquam
371 1847 534 1945 peditum
548 1847 784 1943 equitumque
799 1844 993 1944 superfuit,
1009 1848 1123 1944 quiin
1134 1846 1226 1918 valle

163 1974 427 2054 pugnaverunt.
452 1959 570 2028 Tertia
598 1982 700 2055 pars,
727 1983 807 2055 qnae
836 1959 873 2027 in
904 1958 996 2029 colle
1018 1958 1063 2028 ad
1087 1973 1224 2055 specta·

162 2067 285 2141 culum
305 2070 417 2164 magis
438 2082 578 2155 tutum,
600 2092 710 2162 qnam
730 2067 774 2138 ad
797 2083 937 2165 partem
958 2093 1087 2165 pugnae
1111 2092 1227 2166 capes.

162 2176 329 2264 sendam‚
350 2190 514 2265 steterat,
534 2192 570 2246 et
590 2176 712 2248 locum
731 2193 768 2248 et
788 2193 930 2276 tempus
949 2176 994 2248 ad
1012 2177 1226 2274 fugiendum

163 2284 301 2357 habuit.
317 2293 416 2358 Inter
432 2312 494 2359 eos
508 2303 543 2358 et
558 2288 673 2386 reguli
689 2289 778 2384 ipsit
795 2287 985 2386 fugerunt,
1004 2289 1103 2385 prius
1116 2314 1226 2386 quam

161 2410 238 2467 tota
256 2399 578 2474 circumveniretur
596 2399 707 2483 acies,
724 2398 819 2472 inter
837 2400 1034 2482 tumultum
1054 2401 1176 2498 elapsi.

210 2514 372 2580 XXXIV.
391 2514 513 2581 Castra
531 2509 660 2588 eodem
678 2510 736 2580 die
750 2512 1011 2608 Hispanorum,
1030 2527 1160 2608 praeter
1176 2537 1228 2583 re·

161 2618 297 2713 liquam
310 2620 486 2717 praedam,
503 2644 587 2691 eum
602 2619 717 2697 tribus
730 2619 843 2691 ferme
858 2619 1017 2691 millibus
1032 2620 1223 2691 hominum

161 2729 363 2824 capiuntur.
381 2732 533 2802 Romani
549 2731 709 2827 sociique
725 2730 769 2800 ad
784 2729 881 2800 mille
896 2730 1064 2801 dueeuti¹
1079 2755 1224 2827 eoprae-

162 2837 210 2908 lio
239 2839 448 2911 ceciderunt
469 2869 475 2909 :
497 2841 684 2912 vulnerata
711 2840 864 2937 amplius
888 2841 954 2909 tria
974 2839 1084 2910 millia
1104 2839 1223 2910 homi·

160 2968 259 3018 num.
289 2949 409 3019 Minus
437 2965 586 3020 cruenta
613 2951 762 3020 victoria
790 2949 934 3036 fnisset,
963 2952 993 3020 si
1020 2951 1222 3047 patentiore

157 3083 287 3156 campo
306 3059 405 3130 etad
426 3059 548 3158 fugam
574 3060 830 3158 capessendam
852 3059 947 3132 facili
966 3060 1060 3132 foret
1082 3086 1221 3159 pugna·

159 3185 248 3240 tum.
266 3169 451 3259 Indibilis,
471 3170 620 3266 abjectis
638 3171 725 3243 belli
744 3172 920 3259 consiliis,
938 3172 1029 3242 nihil
1050 3174 1164 3244 tutius
1183 3173 1222 3242 iu

156 3279 298 3357 afflictis
317 3280 427 3353 rebus
448 3297 596 3380 experta
614 3281 686 3353 fide
705 3298 741 3353 et
764 3283 952 3365 clementia
969 3285 1147 3381 Scipionis
1163 3306 1220 3352 ra·

157 3404 235 3478 tus,
252 3393 488 3464 Mandonium
509 3391 657 3464 fratrem
683 3393 727 3464 ad
752 3419 836 3465 enm
857 3395 987 3481 mittit;
1008 3395 1090 3490 qui,
1110 3392 1219 3464 advo-

157 3658 198 3692 rat
213 3659 316 3711 propter
326 3651 395 3697 vallis
409 3649 540 3712 angustias.
551 3677 585 3685 -
594 3653 667 3696 Aver-
747 3649 807 3697 CAr.
818 3651 939 3696 XXXIV.
951 3649 1023 3696 1.Ad
1032 3647 1098 3694 mille
1107 3646 1205 3694 ducenti
1209 3664 1220 3704 ,·

156 3736 227 3782 teret,
241 3743 276 3774 sc.
288 3727 385 3786 hostes,
399 3729 532 3792 Hispanos.
712 3727 768 3774 vide
777 3728 808 3774 ad
818 3729 863 3784 IV,
878 3729 924 3789 59,
936 3744 960 3774 n.
973 3725 1221 3782 4.-Iuhanescr1·

191 3805 258 3851 6.1n
268 3807 350 3852 orbem
363 3823 412 3854 sese
425 3806 600 3871 defendisseut;
611 3806 668 3853 vide
711 3818 808 3871 pturam
822 3806 980 3865 consentiunt
992 3818 1040 3854 tres
1050 3805 1137 3870 optimi
1147 3804 1221 3852 codd.

156 3882 187 3929 ad
198 3885 235 3942 H,
248 3884 294 3941 50,
304 3902 328 3932 n.
340 3888 365 3933 6.
712 3888 765 3934 Put.
780 3887 882 3934 Cantab.
899 3897 923 3933 et
939 3888 999 3949 neg.
1013 3896 1073 3933 teste
1088 3884 1220 3934 Creverio:

193 3979 216 4021 7.
228 3964 313 4027 Reguli
325 3964 382 4027 ipsi,
398 3966 510 4014 Indibilis
524 3979 547 4014 et
561 3965 664 4014 Mando·
710 3982 788 4027 neque
798 3981 872 4027 genus
881 3965 929 4011 hoc
936 3964 1055 4028 loquendi
1065 3965 1172 4012 insoleus
1183 3973 1220 4010 est

157 4043 227 4101 nius,
241 4043 332 4090 fratrea.
710 4045 788 4091 Livio.
798 4045 843 4092 En.
851 4071 885 4080 -—
899 4044 1059 4091 Mandonium
1063 4042 1171 4109 fratrem
1181 4045 1220 4089 Iu·
1319 4102 1322 4107 Ι
