2768 4574
161 317 224 419 tt:
238 315 283 422 232:
309 335 402 402 Lis.
419 334 605 401 xxvxu.
625 333 730 399 cir.
749 331 926 399 xxxix.
947 333 1104 403 xxxv.
1126 335 1198 430 409

115 466 223 544 esse,
241 482 280 527 se
298 455 411 526 libera
431 480 536 524 arma
557 453 757 549 relinquere
773 451 979 551 solutosque
998 473 1094 526 metu
1115 463 1197 526 uni-

37 604 39 609 <
134 571 248 659 mos),
269 590 385 663 neque
402 590 441 635 se
462 571 499 634 in
519 563 658 634 obsides
677 568 860 649 innoxios,
880 565 947 633 sed
968 572 1005 635 in
1029 573 1143 663 r'ptsos,
1165 573 1200 638 si

135 681 341 769 defecerint,
363 681 583 760 saeviturum,
603 698 667 743 nec
685 673 733 742 ub
750 679 892 759 inermi,
911 674 979 743 sed
991 675 1039 744 ab
1055 694 1197 748 armato

134 791 252 875 hoste,
268 811 401 885 poenus
425 789 677 882 expetiturum.
703 788 899 879 Utramque
908 784 1104 873 fortunam
1128 811 1196 856 ecc.

126 906 242 998 pertis
260 902 468 995 permittere
494 919 588 980 sese,
618 910 736 962 utrum
757 897 955 988 propitios,
984 919 1034 962 an
1066 899 1195 981 iratos,

135 1010 269 1081 habere
293 1013 475 1076 Romanos
503 1002 660 1073 mallent.
687 1009 741 1072 Ita
769 1002 936 1074 dimissus
957 1004 1197 1092 Mandonius;

133 1119 287 1218 pecunia
310 1113 565 1186 tantummodo
591 1114 785 1210 imperata,
810 1137 853 1182 ex
878 1136 949 1208 qua
974 1112 1197 1209 stipendium
1222 1185 1227 1194 ,

134 1231 238 1299 militi
266 1222 449 1324 praestari⁵
472 1239 604 1322 posset.
630 1230 734 1320 lpse,
762 1225 897 1293 Marcio
925 1225 964 1293 in
988 1224 1197 1296 ulteriorem

133 1338 341 1437 Hispaniam
371 1339 576 1434 praemisse,
608 1334 729 1404 Silano
758 1339 997 1405 Tarraconem
1026 1337 1196 1424 remisse,

133 1473 269 1550 paucos
284 1462 443 1520 moratus
460 1447 554 1533 dies,
576 1445 664 1516 dum
684 1446 898 1541 imperatam
915 1447 1103 1542 pecuniam
1116 1446 1198 1516 Iler·

134 1578 231 1659 getes
250 1573 570 1658 pernumerarent,
598 1581 681 1628 cum
708 1554 906 1654 expeditis⁶
925 1557 1099 1629 Marcium
1122 1557 1196 1651 jam
1270 1574 1280 1584 ’

134 1674 487 1770 appropinquantem
506 1674 651 1740 Oceano
671 1668 883 1764 assequitur.

181 1788 324 1855 XXXV.
346 1782 518 1853 Inchoata
540 1802 598 1849 res
618 1779 691 1873 jam
717 1793 801 1848 ante
826 1775 871 1848 de
891 1778 1096 1858 Masinissa1
1120 1777 1196 1848 aliis

134 1910 242 1989 atque
265 1893 340 1963 aliis
361 1893 406 1963 de
432 1892 545 1962 causis
565 1888 674 1959 dilata
697 1902 792 1976 erat,
813 1886 914 1982 quod
933 1885 1090 1958 Numida
1112 1911 1195 1956 cum

97 2088 100 2097 ί
132 2006 213 2100 ipso
238 2005 365 2098 utique
394 2000 567 2097 congredi
594 1999 762 2096 Scipione
786 1996 952 2084 volebat,
982 2010 1090 2093 atque
1118 1997 1196 2090 ejus

133 2113 259 2183 dextra
284 2110 393 2206 fidem
419 2112 556 2181 sancire
579 2137 585 2177 :
609 2135 650 2180 ea
671 2124 750 2179 tum
771 2109 910 2178 itineris
936 2121 1008 2179 tam
1034 2108 1197 2204 longiae
1291 2182 1293 2194 ,

132 2237 205 2294 tam
221 2220 315 2293 devii
326 2245 432 2307 causa
444 2220 604 2317 Scipioni
618 2218 697 2290 fuit.
712 2220 897 2290 Masinissa
911 2242 1026 2316 quum
1036 2217 1198 2289 Gadibus

133 2346 238 2421 esset,
249 2331 381 2401 certior
395 2327 588 2399 adventare
601 2353 685 2399 eum
696 2331 862 2400 aMarcio
878 2328 1004 2418 factus,
1016 2329 1198 2401 causando

133 2441 316 2538 corrumpi
348 2462 462 2535 equos
496 2439 653 2509 inclusos
686 2440 724 2507 in
758 2440 898 2527 insula,
930 2440 1196 2537 penuriamque

132 2553 296 2622 omnium
311 2574 435 2621 rerum
453 2564 489 2619 et
507 2547 622 2619 facere
642 2549 795 2637 caeteris,
810 2565 850 2620 'et
869 2552 965 2646 ipsos
984 2552 1133 2637 sentire,
1150 2551 1196 2622 ad

132 2659 201 2729 hoc
217 2661 377 2755 equitem
394 2683 614 2729 marcescere
630 2657 798 2743 desidia²,
814 2661 1005 2754 Magonem
1020 2658 1196 2756 perpulit,
1282 2663 1286 2672 '

131 2785 173 2839 ut
187 2794 224 2840 se
241 2770 404 2863 trajicere
417 2770 455 2838 in
470 2770 717 2839 continentem
731 2768 776 2838 ad
789 2766 1065 2864 depopulandos
1079 2770 1197 2865 proxi·

130 2903 209 2950 mos
222 2880 400 2976 Hispaniae
417 2901 520 2976 agros
534 2894 731 2976 pateretur.
743 2884 999 2976 Transgressus
1013 2893 1086 2975 tres
1097 2880 1195 2977 prin-

131 2990 228 3086 cipes
253 2987 492 3061 Numidarum
520 2991 725 3085 praemittit,
753 2987 798 3058 ad
825 3003 969 3086 tempus
998 2989 1196 3087 locumque

131 3098 314 3195 colloquio
340 3097 584 3169 statuendum.
611 3103 713 3169 Duos
740 3124 807 3197 pro
834 3097 1023 3171 obsidibus
1046 3102 1194 3199 retineri
1230 3129 1234 3140 ¹

131 3211 338 3307 aScipione
363 3208 499 3302 jubet:
528 3210 678 3280 remisso
701 3212 830 3299 terti0‚
856 3213 941 3309 qui,
971 3236 1046 3308 quo
1071 3212 1192 3306 jussus

69 3474 73 3481 ‚
129 3463 219 3511 neque,
242 3461 289 3497 ete.
309 3450 398 3498 rectius
420 3451 482 3498 forte
507 3450 637 3499 ediderunt
718 3454 778 3501 Cir.
790 3453 900 3500 XXXV,
919 3469 940 3498 1.
954 3451 1076 3499 Inchoata
1090 3466 1128 3496 res
1132 3450 1191 3516 jam

128 3525 200 3574 Crev.
215 3538 239 3574 et
254 3528 303 3575 alii
465 3566 467 3570 ,
681 3543 739 3578 ante
761 3531 791 3578 de
811 3530 944 3579 Masinissa
966 3530 1084 3578 Romanis
1108 3529 1191 3577 couci·

165 3605 188 3652 5.
208 3607 357 3669 Stipendium
380 3609 452 3656 militi
466 3609 636 3672 praestari;in
680 3609 776 3670 liando,
796 3612 899 3658 societas
920 3626 975 3658 cum
999 3627 1029 3658 eo
1049 3607 1192 3673 jungenda,

128 3683 230 3748 optimis
244 3685 307 3733 MSS
319 3687 481 3749 presidium:
494 3688 559 3736 unde
572 3689 636 3736 forte
680 3685 750 3747 aliis,
768 3701 814 3737 ete.
833 3689 900 3739 conf.
919 3676 977 3754 capi
989 3690 1028 3738 16.
1039 3715 1074 3724 —
1089 3689 1175 3752 Utique
1180 3706 1191 3744 ,·

35 3795 38 3798 Δ
127 3762 173 3825 leg.
189 3762 322 3819 residuum,
339 3766 415 3812 scilic.
429 3766 592 3830 stipendium,
608 3779 636 3817 ut
681 3767 916 3828 videad11,30,n.
929 3785 956 3826 1,
970 3780 994 3816 et
1005 3769 1055 3824 VI,
1067 3767 1113 3826 35,
1127 3783 1152 3816 n.
1165 3776 1189 3824 t.

127 3841 229 3888 residuas
240 3843 352 3905 pecuniae
365 3856 389 3893 et
404 3845 635 3906 jurisconsultorum
680 3872 715 3882 -·
730 3847 791 3911 Ejus
809 3847 935 3912 dextras
951 3865 970 3893 s.
989 3846 1090 3894 vidend
1107 3848 1191 3906 XXV,
1227 3857 1230 3862 ’

128 3920 242 3976 residua,
253 3923 332 3969 Gron.
684 3927 728 3983 16,
744 3942 768 3972 n.
780 3927 803 3972 8,

163 3999 186 4045 6.
200 3998 257 4046 Cum
269 4001 402 4066 expeditu
412 4003 469 4052 vide
481 4022 552 4069 supra
564 4007 595 4053 ad
605 4009 635 4066 V,
715 4022 740 4052 2.
763 4004 876 4068 Equitem
902 4020 1049 4052 marcescere
1075 4004 1206 4079 desidias

131 4080 176 4138 16,
188 4095 214 4127 n.
227 4095 250 4129 2.
685 4083 740 4130 vide
751 4083 782 4131 ad
791 4084 893 4144 XXIII,
912 4085 959 4146 45,
975 4100 1001 4132 us
1014 4100 1036 4132 1.
