2768 4574
185 289 307 394 232322:
410 308 503 374 nm.
528 259 669 372 nivi.
698 304 804 373 car.
832 305 876 371 x.
901 304 967 371 xi.
1155 329 1221 399 129

156 430 411 502 clamaverunt.
427 431 476 497 Ea
492 451 550 497 res
569 440 710 496 tantum
729 425 926 495 tumultum
943 450 983 496 ac
1000 423 1119 522 fugam
1136 451 1223 524 prae·

156 538 251 625 buit,
265 553 323 624 ut,
338 537 406 606 nisi
417 551 530 607 castra
543 536 676 633 punica
689 550 789 606 extra
801 533 938 605 Urbem
952 534 1119 632 fuissent,
1132 535 1222 609 effu-

157 675 240 723 sura
256 674 293 720 se
310 649 427 720 omnis
443 646 572 745 pavida
583 645 780 719 multitudo
794 643 912 716 fuerit.
928 650 1029 717 Tunc
1040 647 1080 717 in
1094 646 1222 719 domos

157 775 265 856 atque
286 761 325 830 in
347 773 441 830 tecta
460 757 705 855 refugiebant,
724 781 904 854 vagosque
919 757 957 826 in
972 757 1038 828 viis
1055 783 1140 829 suos
1155 783 1222 856 pro

156 869 322 942 hostibus
336 869 517 968 lapidibus
531 870 683 965 telisque
695 866 932 939 incessebant.
944 869 1019 938 Nec
1033 869 1223 967 comprimi

156 981 334 1051 tumultus
354 980 558 1078 aperirique
577 1003 679 1050 error
696 991 853 1076 poterat,
868 975 1009 1048 refertis
1031 977 1223 1051 itineribus

157 1092 351 1188 agrestium
370 1088 476 1161 turba
496 1112 759 1187 pecorumque,
783 1112 863 1184 quae
881 1087 1095 1184 repentinus
1111 1112 1223 1184 pavor

156 1203 193 1270 in
216 1199 353 1272 Urbem
378 1201 612 1299 compulerat.
637 1204 811 1298 Equestre
836 1200 997 1297 praelium
1024 1197 1224 1271 secundum

156 1308 245 1396 fuit,
267 1308 500 1407 submotique
523 1310 646 1382 hostes
671 1326 780 1398 sunt3
803 1326 860 1395 et,
885 1312 971 1407 quia
992 1309 1116 1380 multis
1137 1309 1225 1384 locis

156 1421 420 1517 comprimendi
434 1422 612 1493 tumultus
627 1436 744 1506 eraut,
760 1423 824 1518 qui
842 1436 979 1492 temere
994 1419 1223 1514 oriebantur,
1249 1432 1253 1446 '

156 1530 313 1628 placuit,
337 1557 483 1617 umnec,
507 1535 569 1629 qui
591 1532 804 1619 dictatores,
825 1532 993 1602 consules
1010 1534 1225 1603 censoresve

157 1637 325 1726 fuissent,
345 1665 428 1711 cum
445 1642 598 1738 imperio
613 1666 708 1728 esse,
723 1642 841 1713 donec
854 1643 1059 1713 recessisset
1073 1666 1093 1712 a
1111 1644 1225 1712 muris

157 1749 280 1819 hostis.
290 1753 334 1823 Et
347 1749 419 1821 diei
429 1751 530 1846 quod
543 1750 725 1847 reliquum
740 1750 824 1834 fuit,
837 1766 873 1821 et
883 1764 990 1822 nocte
1006 1753 1225 1849 insequenti,

157 1859 262 1930 multi
276 1873 412 1930 temere
424 1862 567 1932 excitati
585 1862 763 1933 tumultus
778 1878 862 1933 sunt
880 1864 1161 1960 compressique.

205 1973 264 2039 XI.
286 1975 434 2041 Postero
455 1969 513 2040 die
532 1986 773 2068 transgressus
794 1974 968 2045 Anienem
985 1972 1167 2044 Hannibal
1186 1974 1225 2045 in

159 2080 270 2149 aciem
288 2104 415 2151 omnes
433 2083 553 2178 copias
571 2082 713 2170 eduxit3
733 2108 801 2153 nec
819 2085 965 2154 Flaccus
984 2083 1225 2179 consulesque

159 2203 339 2261 certamen
350 2189 603 2264 detrectavere.
615 2193 804 2263 instructis
815 2194 998 2289 utrimque
1008 2191 1225 2263 exercitibus

158 2300 196 2370 in
213 2301 292 2396 ejus
306 2325 435 2398 pugnae
450 2326 591 2390 casum,
606 2305 644 2373 in
658 2303 832 2399 quaurbs
846 2309 977 2374 Roma¹
997 2304 1124 2373 victori
1142 2328 1226 2399 prae·
1298 2362 1300 2365 .

157 2411 271 2481 mium
286 2428 395 2500 esset,
412 2412 530 2484 imber
548 2415 675 2511 ingens
691 2413 867 2510 grandine
881 2415 1016 2485 mixtus
1030 2413 1078 2485 ita
1095 2426 1227 2485 utram·

159 2547 231 2618 que
260 2525 372 2594 aciem
403 2524 582 2612 turbavit,
608 2540 648 2595 ut
671 2527 730 2595 vix
752 2527 858 2594 armis
880 2525 1031 2594 retentis
1051 2525 1088 2592 in
1112 2538 1226 2595 castra

159 2654 235 2704 sese
253 2637 479 2732 receperint,
503 2636 638 2706 nullius
666 2636 718 2706 rei
744 2638 906 2718 minore,
934 2658 1043 2730 quam
1065 2633 1225 2705 hostium

159 2757 270 2812 metu.
295 2747 340 2814 Et
361 2761 507 2842 postero
525 2745 583 2817 die
602 2744 731 2817 eodem
752 2743 833 2814 loco
851 2746 943 2849 acies
959 2745 1150 2813 instructas
1170 2767 1226 2812 ea·

160 2852 243 2923 dem
260 2848 453 2950 tempestas
475 2855 629 2928 diremit.
653 2853 726 2927 Ubi
743 2846 963 2952 recepissent
981 2879 1018 2924 se
1035 2855 1073 2941 in
1094 2866 1227 2940 castra,
1321 2935 1323 2940 .

159 2964 249 3033 mira
272 2966 445 3034 serenitas
466 2991 547 3036 cum
573 2966 832 3064 tranquillitate
856 2964 1054 3036 oriebatur.
1079 2968 1120 3032 In
1144 2962 1229 3037 reli-v

160 3076 306 3172 gionem
324 3099 365 3146 ea
383 3098 440 3145 res
458 3075 554 3172 apud
572 3080 703 3147 Poenos
721 3101 822 3148 versa
836 3086 927 3163 est²;
945 3074 1139 3169 auditaque
1155 3095 1227 3142 vox

161 3276 185 3313 et
195 3267 285 3315 Donat.
297 3267 328 3314 de
336 3267 397 3317 urbe
406 3270 484 3321 Roma
493 3271 532 3325 II,
544 3283 583 3314 11.
593 3268 674 3315 Publi·
718 3269 788 3327 dem,
806 3286 865 3334 quas
878 3218 937 3317 mbx
946 3269 1043 3325 Livius,
1058 3266 1101 3316 scd
1116 3266 1188 3324 alias,
1202 3277 1227 3312 et

161 3345 198 3391 cio
212 3361 226 3392 e
240 3347 303 3393 MSS
317 3349 372 3395 rut.
383 3364 397 3394 a
409 3364 482 3394 manu
493 3346 599 3394 secunda
607 3347 672 3395 Flor.
717 3348 819 3410 quisque
829 3349 951 3408 diversas,
964 3349 1085 3395 discessus
1095 3349 1225 3392 Poenorum

161 3435 186 3471 et
204 3425 270 3474 Gud.
289 3428 371 3492 recepi
387 3443 434 3492 pro
451 3428 547 3490 vulgata
567 3426 673 3474 lectione
718 3441 807 3475 causas.
824 3428 896 3474 Acies
910 3439 990 3475 autem
1009 3438 1045 3473 ter
1059 3426 1188 3472 instructas
1202 3436 1227 3472 et

157 3505 272 3566 publico,
287 3506 355 3567 quod
368 3518 491 3556 suaserant
506 3505 627 3554 Gronovii
641 3505 674 3552 ad
717 3517 858 3570 tempestate
873 3506 1003 3572 diremptas
1017 3505 1225 3568 memorantEpit.

163 3583 276 3640 XXVII,
290 3586 331 3644 37.
717 3585 770 3632 Liv.
787 3597 812 3632 et
829 3586 878 3633 alii.
897 3613 930 3622 -
950 3585 1047 3631 Nullius
1065 3583 1101 3630 rei
1117 3582 1224 3638 minore,

198 3663 259 3710 Car.
271 3665 317 3710 XI.
329 3678 350 3710 1.
359 3665 390 3710 In
400 3681 451 3728 qua
459 3665 515 3713 urbs
521 3667 612 3722 Roma,
625 3676 672 3714 etc.
717 3681 791 3729 quam
807 3664 923 3720 hostium,
938 3675 1015 3719 metu,
1031 3663 1061 3710 de
1072 3663 1137 3710 nulla
1149 3679 1174 3710 re
1184 3663 1227 3709 mi·

162 3741 190 3792 τὸ
205 3741 231 3788 in
252 3753 332 3789 ortum
349 3759 400 3790 esse
416 3760 446 3790 ex
463 3761 538 3809 praec.
553 3744 620 3792 litera
634 3761 670 3802 m,
716 3759 857 3806 numquam
865 3743 895 3789 de
906 3743 1104 3799 hostibus‚nunc
1115 3742 1227 3802 solliciti,

163 3820 330 3884 suspicabatur
352 3821 417 3869 Dulr.
433 3851 468 3859 -
491 3824 573 3870 Imber
591 3824 674 3888 ingens
717 3823 898 3870 omnihostium
906 3821 1129 3885 metununcplane
1142 3821 1225 3879 liberi;

160 3900 283 3965 grandine
293 3899 397 3958 mixtus,
417 3914 480 3959 etc,
498 3914 673 3967 quamtempe-
717 3903 792 3949 Doer.

163 3991 249 4028 statem
262 3995 315 4027 non
327 3991 462 4029 memorant
476 3982 565 4046 Polyb.
580 3983 672 4040 1x‚6‚
752 3997 776 4026 2.
788 3982 818 4025 In
832 3977 970 4042 religionem
979 3995 1009 4025 ea
1019 3994 1056 4026 res
1067 3996 1155 4035 versa,·
1170 3977 1226 4025 ride

165 4073 188 4117 7,
201 4070 225 4106 et
234 4058 342 4122 Appian.
352 4059 381 4107 B.
390 4059 509 4118 flammae
517 4076 615 4124 ,neque
624 4076 674 4108 eas·
717 4058 747 4106 ad
756 4061 793 4118 11,
804 4058 832 4116 5,
843 4074 868 4104 n.
877 4065 903 4111 4.

290 4142 500 4216 V..
1000 4128 1056 4237 ⁴o
