2768 4574
213 328 277 400 132
637 333 676 399 T.
710 332 849 400 alvu
1123 311 1248 422 33:321:

207 453 373 541 interest,
390 453 579 523 veneritne
598 477 643 523 eo
658 454 788 527 itinere
810 451 855 523 ad
874 451 1031 540 Urbem,
1049 477 1095 524 an
1112 453 1159 526 ab
1172 455 1279 531 Urbe

208 566 246 634 in
268 567 499 662 Campaniam
520 562 669 634 redierit
682 574 725 631 ¹⁰.

256 680 335 746 XII.
352 679 530 746 Caeterum
546 698 623 744 non
636 687 816 771 quantum
834 673 1037 775 pertinaciae
1053 672 1098 744 ad
1111 697 1280 770 premen-

208 786 289 857 dam
309 784 499 858 obsidione
521 789 681 882 Capuam
700 783 870 855 Romanis
887 782 972 871 suit,
991 799 1133 855 tantum
1151 784 1197 856 ad
1216 786 1279 859 de·

208 894 425 968 fendendam
433 893 645 966 Hannibali:
660 919 817 992 namque
827 921 871 966 ex
881 897 1034 966 Lucanis
1044 895 1083 966 in
1093 895 1277 968 bruttium

207 1032 346 1105 agrum,
369 1006 416 1078 ad
437 1005 568 1076 fretum
587 1029 673 1076 vero
696 1031 736 1076 ac
756 1006 959 1104 Rhegium¹
987 1031 1030 1077 eo
1051 1031 1160 1078 cursu
1182 1033 1278 1080 con·

206 1119 341 1208 tendit,
361 1133 401 1188 ut
416 1142 531 1216 prope
547 1116 742 1214 repentino
759 1116 917 1188 adventu
938 1118 1103 1188 incautos
1124 1142 1278 1216 oppres·
1377 1211 1380 1218 ⁴

206 1232 303 1301 serit.
327 1232 451 1326 Capua
470 1229 538 1299 etsi
558 1226 672 1298 nihilo
694 1229 838 1324 segnius
860 1226 1006 1300 obsessa
1027 1252 1093 1325 per
1114 1253 1176 1300 eos
1196 1228 1277 1302 dies

206 1340 338 1428 fuerat,
367 1354 488 1409 tamen
516 1336 710 1409 adventum
736 1338 850 1408 Flacci
873 1339 1003 1425 sensit3
1024 1351 1060 1408 et
1082 1337 1277 1413 admiratio

206 1467 286 1523 orta
305 1465 377 1538 est,
395 1475 473 1520 non
487 1450 595 1520 simul
616 1432 818 1545 regressum
832 1446 1081 1519 Hannibalem.
1097 1448 1187 1521 Inde
1206 1474 1277 1547 per

205 1561 387 1658 colloquia
410 1559 691 1647 intellexerunt,
714 1559 859 1633 relictos
880 1583 918 1628 se
943 1558 1204 1655 desertosque,
1236 1575 1277 1633 et

206 1697 306 1770 spem
321 1675 453 1768 Capuae
470 1668 667 1740 retinendae
683 1668 907 1766 deploratam
922 1668 1020 1766 apud
1035 1672 1167 1740 Poenos
1178 1695 1278 1744 esse.v

207 1783 360 1857 Accessit
386 1781 545 1851 edictum
576 1779 827 1876 proconsulis²
843 1804 903 1871 ex
930 1780 1276 1854 senatusconsulto

203 1893 433 1990 propositum
456 1889 716 1988 vulgatumque
737 1888 834 1986 apud
856 1887 979 1959 hostes
1003 1915 1010 1957 :
1033 1903 1088 1976 ut,
1108 1895 1175 1986 qui
1188 1895 1276 1962 civis

202 2026 404 2100 caravanas
428 2016 513 2071 ante
537 2016 671 2070 certum
695 1999 790 2069 diem
817 2005 1013 2087 vomisset,
1040 2005 1118 2070 sine
1129 2000 1278 2090 fraude

205 2129 303 2183 esset.
334 2115 410 2184 Nec
438 2110 510 2181 ulla
538 2109 630 2181 facta
657 2126 711 2181 est
738 2113 918 2200 transiti0‚
941 2126 1042 2182 metu
1069 2113 1180 2209 magis
1209 2137 1276 2185 eos

205 2247 315 2319 quam
329 2219 423 2312 fide,
441 2224 675 2309 continente;
692 2222 777 2318 quia
794 2221 932 2316 majora
947 2223 985 2290 in
1000 2219 1203 2293 desectione
1220 2223 1279 2296 de·

205 2330 398 2428 liquerant,
408 2355 516 2428 quam
528 2330 661 2428 quibus
672 2333 808 2427 ignosci
818 2345 951 2428 posset.
965 2335 1142 2403 Caeterum
1151 2356 1278 2429 quem·

204 2441 402 2513 admodum
421 2467 530 2513 nemo
544 2444 685 2540 privato
700 2442 851 2513 consilio
865 2441 910 2512 ad
924 2441 1067 2522 bostem
1083 2441 1277 2534 transibat,

202 2553 251 2620 ita
270 2551 360 2622 nibil
379 2551 532 2623 salutare
546 2554 584 2622 in
608 2551 768 2639 medium
784 2549 1073 2625 consulebatur³.
1093 2553 1277 2628 Nobilitas

203 2687 279 2733 rem
307 2660 489 2760 publicam
518 2662 764 2751 deserueram,
789 2659 910 2760 neque
941 2665 979 2733 in
1001 2678 1167 2735 senatum
1190 2669 1278 2765 cogi

202 2889 266 2937 onim
279 2889 508 2938 exercitumeavia
527 2887 600 2954 (ride
618 2889 649 2936 ad
662 2891 713 2947 III,
793 2905 818 2937 a.
846 2890 955 2938 Accessit
976 2891 1081 2939 eds'ctam
1101 2894 1274 2954 proconsulis,

204 2985 248 3029 70,
266 2985 291 3017 n.
312 2966 343 3031 a)
364 2980 461 3016 coastat
478 2968 543 3016 inter
564 2969 711 3032 scriptores:
757 2968 1277 3037 ejusdemFulvil.-Sinefraude-essatis3

202 3059 297 3094 cannam
316 3046 347 3093 id
362 3047 459 3095 interest
477 3045 556 3111 (inter
573 3047 646 3109 eos),
664 3058 712 3094 etc.
756 3063 842 3111 propr.
855 3049 968 3097 transitio
981 3050 1033 3110 ejus
1047 3050 1080 3096 ad
1087 3052 1217 3098 Romanos
1228 3067 1236 3101 t
1247 3064 1280 3104 nt

201 3126 293 3174 Confer
302 3127 335 3174 ad
346 3127 421 3184 VIII,
437 3127 483 3187 39,
492 3142 518 3171 n.
528 3127 552 3172 3.
756 3127 819 3174 nihil
828 3127 849 3174 ei
858 3138 997 3190 poenarum,
1011 3128 1079 3192 quod
1088 3129 1189 3192 reliquis
1203 3131 1281 3184 Can·

240 3220 279 3252 ιο.
293 3210 333 3252 Au
341 3206 376 3251 ab
392 3203 455 3250 Urbe
467 3203 492 3250 in
503 3202 664 3267 Campaniam
674 3219 712 3250 re·
755 3207 839 3270 panis,
851 3207 1008 3256 metuendum
1021 3218 1092 3257 osset.
1104 3208 1198 3257 Confer
1207 3212 1242 3260 ad
1249 3214 1280 3274 1,

202 3283 275 3330 dietis
287 3300 297 3330 .·
314 3282 341 3330 td
356 3299 407 3330 non
418 3282 522 3330 credidit
539 3283 622 3330 Livius
640 3283 712 3343 (vide
756 3293 805 3343 ²4,
815 3302 840 3334 n.
852 3286 878 3333 8.

202 3379 312 3426 cap.seq.
323 3379 360 3426 pr.
368 3361 390 3427 l,
402 3363 620 3428 sedtraditl’olyb.
628 3366 679 3421 nt,
688 3381 710 3424 7.
793 3366 816 3411 3.
830 3363 901 3412 Nilu'l
910 3364 1019 3412 salutare
1033 3366 1058 3413 in
1071 3365 1176 3413 medium
1186 3384 1280 3419 consts-

237 3444 299 3490 Car.
311 3444 369 3490 XII.
389 3459 410 3490 1.
432 3444 474 3488 Ex
488 3443 592 3490 Lucanis
605 3443 630 3489 in
646 3444 711 3490 brut·
754 3441 1280 3505 labatur;videadVI‚‚6,n.7‚comtimae.

202 3520 261 3567 tium
272 3537 358 3584 agriam
365 3556 373 3578 ,
389 3521 426 3568 ad
431 3520 525 3585 fretum
534 3522 642 3569 Siculum
651 3538 711 3568 vero
755 3522 828 3569 batur
841 3534 869 3569 et
882 3523 1075 3571 consciscebatur
1084 3524 1186 3586 quidam
1198 3527 1278 3579 MSS.

201 3614 232 3644 ac
239 3599 355 3663 Rhegium
366 3599 434 3664 (vide
440 3600 471 3646 ad
479 3602 581 3659 XXIII,
593 3603 635 3659 3ο,
643 3599 713 3664 nd),
792 3603 816 3654 4'.
828 3601 950 3648 Nobilitas
960 3618 1034 3666 remp.
1046 3602 1187 3650 deseruerat
1192 3623 1204 3662 ‚·
1216 3606 1291 3659 vido-

201 3688 262 3737 otc.;
279 3679 364 3724 confer
375 3678 463 3742 Polyb.
472 3681 525 3738 IX,
540 3695 563 3739 7.
576 3706 612 3716 —
627 3679 711 3726 Nihilo
756 3678 788 3725 ad
799 3680 840 3736 II,
854 3680 903 3737 64,
916 3697 942 3728 n.
957 3681 984 3740 3,
1000 3693 1024 3729 et
1035 3681 1120 3728 confer
1129 3698 1206 3746 supra
1217 3700 1279 3752 cap.

200 3755 242 3821 (al.
252 3755 324 3819 nihil)
334 3757 428 3821 segnius
435 3792 443 3814 ,
455 3769 482 3805 ut
489 3761 530 3817 11,
541 3767 571 3819 47
579 3775 588 3819 ;
596 3760 713 3815 XXXII,
757 3755 773 3803 6
788 3768 849 3806 extr,
860 3785 895 3794 -
910 3762 941 3805 In
958 3771 1068 3807 senatum
1078 3760 1146 3824 cogi,
1166 3773 1198 3810 ut
1215 3763 1242 3811 ὑι
1255 3783 1280 3817 s.

202 3849 248 3890 aaa
264 3836 374 3892 XXXV,
385 3837 713 3896 9;J.Gron.—Advcntum
757 3837 846 3884 vocari
854 3840 892 3897 11,
907 3839 940 3886 55
946 3874 953 3897 ‚
965 3851 989 3887 et
996 3841 1099 3900 XXIII,
1109 3840 1151 3888 δα.
1162 3842 1280 3895 Plutum,
1337 3863 1342 3875 ¹

201 3914 232 3974 Q.
240 3912 501 3971 annumeramus
508 3915 711 3979 regressi‚scnsit,
758 3932 805 3978 que
826 3929 923 3964 senatus
942 3918 998 3982 cogi
1014 3930 1038 3966 et
1059 3919 1150 3968 vocari
1170 3921 1280 3975 dicitur.

202 3991 298 4053 gravius
320 3992 409 4040 afflicta
432 4010 498 4040 nunc
518 3995 576 4042 novi
594 3994 714 4041 exercitus
759 3995 848 4043 Confer
861 3996 893 4043 ad
904 3998 1018 4055 xxm,
1033 4013 1100 4055 ω.
1113 4005 1184 4053 4.-
1197 4003 1281 4051 Pote-

200 4070 301 4134 impetu.
759 4085 829 4140 ram,¹
841 4073 898 4123 vide
904 4075 936 4123 ad
945 4078 970 4132 I,
978 4083 1025 4134 It,
1036 4093 1061 4124 n.
1075 4081 1279 4140 r,poteratedd.
