2768 4574
187 346 254 442 198
619 347 658 413 r.
691 345 831 412 mvn

183 469 350 566 «partis,
368 466 548 537 Sardiniae.
572 464 675 537 Adde
690 464 859 535 ultimum
876 477 1054 536 terrorem
1076 490 1118 536 ac
1142 491 1258 564 pavo·

182 608 200 644 a
213 603 312 665 rem,
326 591 442 648 castra
455 577 588 675 punica
603 577 699 648 inter
711 576 889 646 Anienem
902 589 939 646 et
956 577 1091 647 moenia
1107 601 1259 649 romana

183 719 201 755 α
214 689 349 787 posita,
366 703 403 759 et
419 688 536 758 visum
555 711 671 785 prope
688 687 729 755 in
746 686 861 783 porn's
880 686 1054 756 victorem
1068 685 1257 757 Hanniba-

183 829 200 864 «
212 798 293 870 lem.
312 802 356 867 In
373 797 442 868 hac
459 798 565 867 ruina
578 820 700 868 rerum
715 797 814 867 stetit
828 820 901 866 una
915 797 1055 894 integra
1069 812 1179 893 atque
1192 798 1258 867 im·

182 939 200 975 α
214 907 359 980 mobilis
375 909 490 978 virtus
504 908 631 1005 populi
647 907 789 977 romani
806 933 814 975 :
832 906 909 978 haec
923 909 1046 978 omnia
1062 922 1171 978 strata
1183 907 1257 979 hu·

182 1049 200 1086 «
213 1022 264 1089 mi
287 1019 401 1090 erexit
420 1042 461 1088 ac
482 1017 637 1088 sustulit.
665 1021 740 1088 Vos
767 1018 933 1087 omnium
951 1018 1078 1115 primi,
1097 1017 1256 1106 militeS,

182 1159 199 1195 ι(
212 1143 295 1225 post
308 1151 529 1200 cannensem
544 1127 684 1199 cladem
700 1126 846 1198 vadenti
860 1128 1074 1200 Hasdrubali
1088 1127 1132 1198 ad
1144 1128 1257 1226 Alpes

182 1240 446 1336 «Italiamque,
464 1240 528 1335 qui
548 1240 578 1310 si
595 1264 633 1310 se
651 1262 737 1310 cum
757 1236 869 1310 fratre
884 1238 1150 1334 conjunxisset,
1170 1239 1257 1308 nul-

181 1379 200 1414 «
214 1349 290 1420 lum
307 1349 381 1444 jam
399 1373 536 1420 nomen
558 1362 652 1420 esset
672 1348 799 1447 populi
817 1351 978 1439 romani,
999 1348 1115 1420 ductu
1131 1351 1258 1447 auspi-

182 1488 200 1524 «
214 1460 346 1556 cioque
360 1460 472 1557 patris
486 1460 559 1529 mei
573 1457 762 1530 obstitistis
778 1486 785 1529 :
803 1473 839 1530 et
852 1459 907 1531 hae
924 1459 1091 1532 secundae
1103 1484 1161 1530 res
1174 1459 1258 1531 Illas

183 1599 200 1634 α
212 1568 380 1641 adversas
392 1570 656 1640 sustinuerunt.
668 1572 792 1654 Nunc,
806 1568 1031 1667 benignitate
1044 1568 1169 1656 deum,
1181 1593 1259 1639 om-

182 1710 200 1745 «
213 1682 273 1752 nia
287 1680 464 1769 secunda,
481 1705 673 1778 prospera,
691 1681 728 1751 in
747 1679 824 1751 dies
842 1680 978 1751 laetiora
991 1704 1033 1750 ac
1048 1679 1201 1750 meliora
1216 1680 1258 1750 in

181 1820 198 1855 <t
211 1791 312 1862 Italia
328 1792 519 1888 Siciliaque
536 1804 725 1887 geruntur.
746 1794 790 1860 In
808 1791 925 1861 Sicilia
937 1795 1136 1887 Syracusae,
1154 1792 1258 1886 Agri-

183 1928 200 1964 «
214 1915 365 1998 gentum
382 1903 574 1998 captnml,
591 1900 687 1997 pulsi
705 1914 782 1971 tota
797 1900 916 1971 insula
933 1900 1072 1990 hosteS,
1089 1916 1258 1999 recepta-

181 2037 199 2072 «
213 2034 286 2105 que
302 2011 490 2106 provincia
503 2010 543 2078 in
558 2008 696 2081 ditione
711 2010 838 2107 populi
852 2012 997 2081 romani
1011 2026 1064 2082 est
1081 2038 1088 2081 :
1104 2012 1260 2096 inltalia

183 2121 302 2218 «Arpi
318 2121 471 2216 recepti,
486 2125 611 2217 Capua
626 2134 730 2217 capta
746 2146 754 2187 ε
774 2122 843 2192 iter
857 2145 966 2192 omne
976 2121 1022 2192 ab
1039 2120 1129 2192 urbe
1137 2126 1260 2193 Roma

179 2260 196 2294 «
212 2230 354 2328 trepida
371 2228 455 2327 fuga
469 2254 637 2301 emensus
651 2229 850 2311 Hannibal,
865 2233 904 2300 in
919 2246 1122 2302 extremum
1138 2255 1259 2329 angu-

182 2367 200 2403 α
213 2339 289 2408 lum
308 2341 384 2437 agri
402 2338 531 2409 bruttii
549 2339 779 2437 compulsus,
798 2340 888 2410 nihil
899 2341 973 2436 jam
992 2341 1109 2436 majus
1125 2366 1261 2439 preca-

182 2479 200 2513 «
215 2464 276 2520 tur
294 2449 403 2537 deos,
420 2475 531 2546 quam
553 2464 595 2520 ut
614 2449 789 2520 incolumi
807 2450 937 2522 cedere
960 2464 1071 2547 atque
1089 2449 1190 2521 abire
1208 2477 1262 2523 ex

182 2592 199 2626 «
213 2560 373 2633 hostium
397 2577 493 2632 terra
516 2563 629 2633 liceat.
649 2563 748 2653 Quid
766 2564 876 2660 igitur
896 2565 1017 2634 minus
1039 2564 1259 2652 conveniat,

182 2672 365 2761 «milites,
385 2699 514 2770 quam,
532 2698 648 2770 quum
663 2673 740 2743 aliae
757 2699 866 2772 super
884 2673 970 2746 alias
987 2674 1105 2746 clades
1121 2697 1261 2744 cumu-

183 2813 201 2849 α
214 2783 395 2873 larentur,
410 2808 450 2854 ac
469 2784 519 2854 dii
538 2808 653 2882 prope
672 2786 743 2883 ipsi
763 2810 847 2856 cum
859 2782 1260 2873 Hannibale⁵starent‚

155 2980 160 2996 ς
182 2920 278 2965 «vos
294 2893 355 2966 hic
372 2919 455 2966 cum
473 2893 685 2992 parentibus
703 2895 793 2965 meis
810 2896 1019 2992 (aequentur
1033 2895 1129 2966 enim
1143 2896 1261 2965 etiam

182 3004 355 3076 «honore
381 3005 565 3099 nominis)
592 3006 804 3076 sustinuisse
832 3001 1046 3076 labantem⁶
1067 3002 1260 3075 fortunam

181 3146 199 3180 «
213 3117 341 3215 populi
362 3117 524 3203 romani;
545 3140 646 3186 nunc
670 3117 839 3200 eosdem,
858 3118 944 3213 quia
962 3116 1035 3187 illic
1054 3115 1176 3186 omnia
1195 3140 1261 3186 se-

182 3255 200 3291 «
213 3226 335 3298 cunda
348 3225 501 3320 laetaque
514 3240 618 3312 sunt,
631 3228 759 3297 animis
773 3226 951 3298 deficere?
962 3231 1088 3324 Nuper
1102 3249 1259 3322 quoque

182 3362 295 3434 «quae
311 3334 539 3423 acciderunt,
557 3338 697 3407 utinam
717 3352 792 3408 tam
809 3339 886 3408 sine
904 3362 987 3408 meo
1005 3336 1124 3425 luctu,
1139 3361 1259 3432 quam

181 3537 228 3586 hoc
234 3537 265 3584 de
274 3537 336 3585 bello
345 3540 411 3600 conj.
417 3539 501 3602 Sigon.
507 3540 635 3588 -sicittae
641 3557 693 3587 ma-
737 3541 811 3598 alias,
822 3540 853 3587 de
860 3555 905 3588 suo
912 3555 1050 3587 exornasse.
1057 3540 1260 3602 —Ileceptaque

175 3616 241 3682 joris
249 3617 345 3679 partu,
358 3619 428 3682 regni
439 3619 563 3666 lIieronis.
737 3635 752 3666 a
760 3619 881 3666 Marcello
889 3618 1018 3683 provincia
1030 3634 1097 3666 nunc
1110 3616 1148 3672 iu,
1163 3627 1212 3664 etc.

217 3703 241 3750 4.
250 3696 377 3756 Syracusa
383 3697 572 3762 etAgrrgentum
580 3709 693 3762 captum,
775 3699 798 3745 5.
812 3698 855 3745 Dii
869 3714 949 3762 prope
968 3697 1015 3761 ipsi
1030 3713 1085 3743 cum
1098 3697 1182 3742 Hann.
1201 3706 1258 3744 sta-

181 3773 268 3821 confer
277 3774 308 3821 ad
318 3777 343 3835 Ι,
362 3785 408 3835 24,
421 3793 447 3825 n.
465 3792 512 3838 113
532 3777 646 3824 Dukems
661 3776 693 3823 ad
737 3789 806 3833 rent;
816 3777 873 3824 vide
886 3777 917 3824 ad
925 3778 1000 3835 VIII,
1015 3777 1063 3836 34,
1077 3793 1102 3821 n.
1113 3791 1135 3820 1.
1145 3801 1180 3810 -
1192 3776 1259 3824 Cum

180 3851 206 3899 h.
220 3852 237 3899 l.
252 3870 282 3900 ex
295 3871 348 3920 cap.
364 3864 411 3914 4ο,
429 3856 516 3915 docet,
530 3856 693 3920 Agrigentum
733 3856 878 3921 parentibus
889 3855 959 3912 meis,
980 3871 1066 3921 propr.
1079 3864 1149 3919 panc
1166 3868 1196 3901 ac
1209 3872 1258 3919 pa-

175 3931 299 3996 princqnio
317 3934 383 3982 veris
397 3936 470 3997 hujus
485 3936 556 3994 anni,
573 3952 623 3998 quo
639 3936 692 3982 haeo
737 3946 801 3983 tmo.

181 4011 260 4058 oratio
270 4012 366 4073 habita,
377 4014 487 4062 nondum
496 4014 570 4061 fuine
581 4024 691 4078 captum,
772 4015 796 4061 6.
810 4013 952 4060 Sustinnisse
970 4014 1094 4061 labantem
1100 4012 1257 4079 fortunam,-

179 4089 289 4156 adeoque
305 4094 401 4141 Livium
418 4094 482 4141 hanc
500 4095 651 4151 orationem,
664 4104 691 4141 ut
735 4093 792 4142 vide
804 4092 836 4140 ad
843 4094 880 4153 II,
893 4094 939 4155 39,
953 4109 978 4142 n.
989 4109 1014 4154 9.
1189 4076 1192 4085 .
