2768 4574
189 324 256 400 ‘172
291 314 295 319 ·
611 307 648 372 a.
682 307 821 374 mvn
1102 285 1168 384 tt
1183 298 1235 395 2231

185 426 297 524 legio,
317 427 480 522 quinque
500 426 611 496 millia
627 426 791 523 peditum
814 439 850 496 et
867 426 1021 497 trecenti
1039 427 1180 522 equites
1202 453 1265 499 es-

187 552 289 624 sent3
309 536 479 625 dimissis,
500 538 563 633 qui
587 536 743 634 plurima
769 535 946 633 stipendia
967 534 1171 608 haberent³
1193 564 1201 607 :
1225 553 1266 610 et

100 659 103 664 ’
186 648 369 717 sociorum
388 661 528 745 septem
553 647 665 717 millia
689 645 854 744 peditum
874 662 909 716 et
935 647 1088 716 trecenti
1116 648 1266 743 equites

186 756 501 854 relinquerentur,
514 757 639 828 eadem
654 759 794 827 ratione
809 757 1074 855 stipendiorum
1087 754 1211 827 habita
1222 759 1267 828 in

187 868 370 941 veteribus
384 869 559 941 militibus
576 869 809 941 dimittendis.
827 874 891 941 Cn.
904 870 1029 940 Fulvio
1044 869 1186 939 consuli
1201 894 1266 940 su-

187 979 339 1076 perioris
353 981 440 1048 anni
450 1005 517 1051 nec
530 980 575 1051 de
590 983 775 1078 provincia
786 981 930 1077 Apulia,
943 1003 1010 1049 nec
1023 978 1068 1049 de
1083 981 1268 1070 exercitu,

188 1113 299 1185 quem
320 1089 515 1178 habuerat,
540 1090 740 1188 quidquam
759 1104 961 1162 mutatum:
979 1103 1118 1160 tantum
1137 1090 1177 1184 in
1198 1114 1268 1161 an·

188 1223 278 1268 num
305 1214 539 1297 prorogatum
566 1192 761 1298 imperium
780 1214 843 1269 est.
867 1204 903 1269 P.
926 1198 1106 1295 Sulpicius
1124 1199 1270 1298 collega

188 1309 268 1403 ejus
284 1334 432 1379 omnem
448 1312 668 1395 exercitum,
691 1323 818 1407 praeter
833 1309 950 1378 socios
965 1309 1126 1397 navales,
1139 1308 1268 1403 jussus

189 1417 371 1491 dimittere
387 1435 451 1491 est.
474 1427 565 1493 Item
583 1447 627 1493 ex
644 1419 761 1492 Sicilia
776 1420 972 1505 exercitus,
989 1419 1047 1488 cni
1060 1423 1108 1488 M.
1124 1422 1268 1490 Corne-

188 1528 258 1613 lius
275 1545 463 1626 praeesset,
485 1530 550 1602 ubi
570 1530 697 1601 consul
719 1531 755 1599 in
771 1529 994 1625 provinciam
1012 1529 1189 1616 venisset,
1207 1530 1269 1600 di-

188 1640 281 1708 mitti
291 1640 423 1734 jussus.
438 1647 478 1712 L.
490 1642 617 1712 Cincio
632 1640 777 1738 praetori
792 1638 835 1708 ad
854 1637 1089 1709 obtinendam
1107 1638 1270 1709 Siciliam

190 1770 388 1822 cannenses
401 1750 533 1822 milites
547 1751 657 1838 dant,
674 1751 828 1820 duarum
843 1746 956 1820 instar
970 1750 1167 1845 legionum.
1180 1754 1270 1821 Tot-

190 1858 287 1929 idem
309 1860 470 1957 legiones
493 1862 531 1930 in
558 1859 756 1934 Sardiniam
780 1864 817 1929 P.
839 1860 974 1930 Manlio
993 1859 1147 1931 Vulsoni
1171 1883 1270 1956 prae·

190 1972 262 2040 tori
279 1970 453 2057 decretae,
472 1970 606 2066 quibus
620 1976 659 2041 L.
674 1970 864 2041 Cornelius
879 1971 916 2038 in
936 1968 1061 2040 eadem
1078 1969 1271 2066 provincia

190 2080 312 2175 priore
331 2104 429 2148 anno
447 2079 650 2177 praefuerat.
675 2079 837 2152 Urbanas
856 2082 1017 2177 legiones
1036 2081 1083 2150 ita
1106 2077 1270 2151 scribere

192 2178 359 2260 consules
371 2190 479 2284 jussi,
494 2217 661 2288 nequem
673 2192 823 2262 militem
833 2191 993 2262 facerent
1003 2186 1030 2278 ⁵,
1043 2190 1107 2286 qui
1119 2191 1158 2258 in
1169 2213 1271 2260 exer·

192 2301 265 2370 citu
284 2305 332 2370 M.
349 2300 507 2391 Claudii,
526 2307 573 2372 M.
591 2303 743 2390 Valerii,
764 2303 808 2390 Q.
827 2301 957 2389 Fulvii,
979 2298 1152 2388 luissent3
1172 2324 1270 2370 neve

192 2435 236 2480 eo
255 2435 353 2480 anno
372 2411 515 2508 plures,
534 2438 642 2510 quam
667 2438 742 2515 una
759 2427 795 2482 et
813 2413 958 2509 viginti,
976 2434 1134 2481 romanae
1152 2409 1270 2507 legio·

193 2544 259 2590 nes
277 2536 408 2591 essent.

241 2635 366 2700 XXIX.
391 2634 454 2702 His
480 2635 798 2706 senatusconsultis
822 2632 1010 2731 perfectis,
1038 2632 1155 2703 sortiti
1179 2655 1269 2728 pro·

194 2741 326 2812 vineias
342 2744 520 2833 cpnsules.
537 2746 653 2815 Sicilia
670 2760 705 2815 et
724 2745 844 2815 classis
858 2744 1047 2826 Marcello,
1064 2742 1166 2813 Italia
1181 2766 1271 2813 cum

193 2850 291 2922 bello
310 2853 480 2924 adversus
494 2855 734 2926 Hannibalem
749 2857 895 2925 Laevino
915 2856 1046 2925 evenit.
1065 2856 1155 2943 Quae
1169 2877 1270 2940 sors,

232 3043 254 3087 3.
266 3041 388 3097 Dimissa,
404 3042 447 3105 qui
460 3042 570 3106 plurima
586 3043 707 3107 sapaudia
753 3043 843 3101 Gallia,
857 3041 932 3105 paulo
949 3053 1005 3088 ante
1019 3041 1111 3095 relato,
1130 3039 1204 3086 facile
1218 3039 1272 3087 eol-

193 3119 328 3177 }tabereut;
347 3121 404 3167 vide
420 3121 452 3167 ad
469 3123 520 3178 111,
541 3122 584 3180 57,
596 3138 621 3168 n.
636 3123 659 3170 5.
672 3149 708 3158 -
751 3122 844 3185 ligitur.
857 3122 921 3168 Nam
934 3121 983 3167 hoc
997 3120 1138 3167 factumest
1154 3130 1214 3182 post
1228 3117 1273 3166 ad·

194 3199 289 3244 Proeter
304 3199 383 3246 socios
399 3199 515 3256 navales;
534 3200 592 3247 vide
609 3201 641 3248 ad
657 3203 707 3259 IX,
753 3214 852 3248 ventum
866 3199 959 3247 Laevini
973 3214 1023 3245 cos.
1041 3215 1054 3245 e
1071 3198 1178 3255 Gracia,
1191 3212 1279 3261 quum·
1345 3250 1350 3257 ,

196 3277 245 3335 38,
264 3293 289 3324 n.
304 3293 326 3323 1.
751 3294 868 3345 praetores
882 3280 1048 3342 magistratum
1060 3279 1110 3339 jam
1129 3277 1273 3326 inivissent.

195 3434 304 3482 Siciliam
321 3451 452 3482 cannenses
467 3436 552 3484 milites
566 3437 622 3484 dati
628 3458 638 3494 ,·
651 3438 708 3494 vide
752 3440 858 3486 ctionem
865 3437 1016 3501 peregrinam
1023 3435 1184 3493 habuerit‚et‚
1194 3452 1276 3500 quum

196 3513 228 3559 ad
240 3516 290 3573 111,
304 3514 349 3571 36,
361 3531 387 3561 n.
403 3530 447 3572 123
466 3516 707 3576 xst111‚25,n.5‚
753 3518 841 3566 deinde
858 3533 872 3563 a
889 3516 989 3563 consule
1006 3531 1038 3562 ex
1055 3516 1277 3564 senatusconsulto

196 3604 222 3640 et
234 3595 319 3652 XXV,
334 3603 380 3653 41,
396 3611 421 3641 n.
433 3596 456 3642 8.
471 3595 564 3642 Dukeri
579 3607 638 3643 nota
652 3607 688 3643 est
700 3610 707 3643 :
752 3597 778 3643 in
787 3597 889 3644 GallIam
900 3595 987 3642 missus
996 3595 1090 3652 fuisset,
1101 3592 1196 3656 collega
1206 3595 1278 3655 eius,

196 3695 210 3714 u
223 3673 282 3719 Non
298 3686 416 3721 memorat
433 3674 474 3721 hic
492 3686 583 3722 sortem
604 3675 709 3722 duomm
753 3687 844 3741 prator
853 3674 971 3733 urbanus,
986 3663 1113 3736 utramque
1118 3671 1278 3732 jurisdictio·

196 3752 299 3798 allorum
318 3764 460 3815 pratorum.
480 3755 527 3801 Sed
545 3757 571 3801 L.
590 3754 709 3802 Manlium
754 3770 822 3813 nem,
838 3765 865 3801 ut
878 3769 931 3800 mos
944 3764 1010 3810 erat,
1022 3751 1193 3800 exercueritn

197 3841 326 3896 praetorem
333 3832 529 3883 urbanumfuisse
535 3834 711 3893 dicitXXVII,
792 3833 816 3880 5.
833 3833 955 3896 Nequam
967 3829 1202 3895 militemfizcerent,
1221 3832 1281 3881 scil.

200 3899 280 3968 ΠΟ.
297 3911 428 3959 Laetorium
450 3914 555 3963 Galliam
575 3912 711 3960 obtinuisse
756 3929 787 3959 ex
801 3912 843 3968 iis,
857 3928 899 3959 seu
915 3927 1013 3970 eorum,
1031 3908 1190 3975 quifiu'ssent
1204 3927 1214 3958 :
1228 3911 1283 3960 nisi

200 3991 316 4047 XXVII,
328 4007 351 4050 7.
360 3994 433 4040 Hunc
447 4004 527 4040 tamen
537 4010 590 4040 eam
601 4009 651 4039 non
664 4008 712 4039 sor·
756 4002 822 4038 recte
830 3991 929 4054 quidam
936 3990 1034 4037 edidere
1036 3987 1129 4054 fuisset
1133 4005 1230 4053 ;quam
1240 4007 1283 4040 est-

160 4064 162 4070 ’
201 4069 273 4130 titum
296 4070 384 4131 fuisse,
404 4089 434 4120 ex
453 4073 663 4127 senatusconsulto
682 4071 712 4118 de
757 4067 1286 4136 peditioremlect.Crenamplectitumllu.
