2768 4574
154 275 208 371 'iz
220 270 245 370 {1
260 283 305 376 333:
338 283 430 358 Lm.
457 289 596 356 xxvi.
621 289 727 356 cir.
756 234 909 356 xxxv.
934 287 1113 353 xxxvi.
1153 282 1219 355 185

155 438 229 511 qua
240 426 367 497 esseut,
380 416 562 481 scevirent:
571 435 616 479 ue
626 410 722 480 unde
735 407 1113 505 redimanturquidem
1122 407 1224 504 quid·

156 548 268 620 quam
289 546 482 620 superesse.
505 526 587 591 Haec
609 546 685 591 non
706 521 743 589 in
763 519 928 604 occulto,
950 517 1013 589 sed
1036 519 1224 616 propalam·

156 636 195 703 in
214 632 294 704 foro
317 647 425 728 atque
448 631 562 702 oculis
584 632 745 728 ipsorum
765 628 957 700 consulum
974 630 1103 726 ingens
1119 625 1226 697 turha

157 740 364 813 circumfusi
378 741 579 812 fremebant
596 770 603 810 :
620 766 688 812 nec
704 765 766 812 eos
781 740 906 811 sedare
926 738 1110 826 consules,
1125 763 1225 808 nunc
1296 750 1298 756 “

158 853 386 951 castigando,
406 877 505 923 nunc
522 851 765 940 consolando,
783 865 962 950 poterant.
981 852 1143 948 Spatium
1161 848 1225 919 de-

156 965 241 1035 imle
262 964 318 1034 his
333 963 444 1034 tridui
465 989 501 1035 se
523 963 607 1035 dare
625 963 670 1034 ad
689 962 921 1061 cogitandum
938 962 1131 1032 dixerunt:
1150 986 1225 1058 quo

157 1076 225 1171 ipsi
244 1075 288 1144 ad
306 1099 383 1145 rem
401 1071 686 1170 inspiciendam3
704 1070 1040 1171 expediendumque·
1055 1071 1111 1139 usi
1125 1082 1222 1139 suut.

158 1190 329 1255 Senatum
349 1198 494 1281 postero
514 1183 571 1255 die
588 1184 797 1256 habuerunt
814 1184 858 1254 de
879 1183 1057 1280 remigum
1076 1180 1226 1278 supple-

158 1309 282 1364 mento
295 1322 302 1363 :
316 1295 378 1366 uhi
391 1319 506 1392 quum
519 1294 633 1366 multa
642 1294 909 1383 disseruissent,
922 1318 986 1364 cur
998 1317 1100 1388 aeqrra
1112 1289 1226 1388 plebis

157 1407 336 1475 recusatio
353 1421 464 1495 esset,
484 1421 673 1477 verterunt
687 1407 890 1476 orationem
909 1429 970 1491 eo,
985 1417 1026 1473 ut
1044 1402 1226 1486 dicerent,

157 1502 311 1586 Privatrs
330 1518 381 1602 id,
390 1515 460 1588 ¹seu
474 1543 621 1617 (equum
629 1573 639 1604 ,
653 1542 718 1588 seu
732 1522 915 1614 iniquam,
936 1541 1027 1586 auus
1042 1516 1227 1608 injungeri·
1320 1530 1322 1534 ·

158 1626 246 1696 dum
265 1653 365 1698 esse:
382 1655 470 1699 nam
494 1630 606 1716 ande,
630 1654 746 1727 quum¹
758 1635 920 1727 pecunia
941 1634 978 1696 in
1001 1633 1132 1698 serario
1153 1648 1227 1694 non
1337 1629 1342 1640 ’

158 1754 260 1825 esset,
264 1756 464 1836 paraturos
479 1739 626 1811 navales
638 1742 800 1811 coctast?
815 1739 1008 1831 Quomodo
1020 1755 1141 1808 autem
1150 1740 1229 1806 sine

159 1847 331 1919 classibus
351 1867 418 1921 aut
431 1852 590 1921 Siciliam
611 1851 780 1937 obtineri,
805 1865 870 1920 aut
890 1850 1000 1920 Italia
1015 1847 1227 1945 Philippum

159 1965 275 2027 arceri
282 1983 409 2055 posse,
431 1966 499 2031 aa't
515 1978 592 2031 tuta
610 1962 729 2032 Italice
748 1961 853 2032 litora
873 1965 974 2032 esse?

206 2073 367 2141 XXXVI.
389 2075 511 2160 Quum
528 2074 566 2141 in
585 2072 652 2143 hac
671 2071 882 2144 difficultate
896 2094 1018 2143 rerum
1036 2068 1227 2162 consilium

158 2176 320 2267 haereret,
334 2205 375 2251 ac
384 2205 498 2278 prope
510 2198 638 2280 torpor
652 2183 800 2280 quidam
813 2196 1023 2279 occupasset
1037 2180 1228 2250 hominum

158 2302 317 2376 mentes,
336 2304 412 2360 tum
432 2293 598 2363 Loevinus
616 2293 762 2379 consul,
781 2298 1016 2386 Magistratus
1032 2295 1177 2360 senatui
1196 2304 1233 2357 et

158 2413 323 2467 senatum
329 2400 472 2497 populo
477 2457 487 2488 ‚
502 2409 595 2471 sicat
606 2401 744 2472 honore
748 2418 941 2499 prestent,
958 2408 1007 2470 ita
1023 2400 1228 2486 adomnia,
1267 2479 1275 2496 ι

159 2533 243 2603 quse
255 2509 349 2578 dura
362 2527 472 2608 atque
486 2538 617 2610 aspera
630 2528 758 2598 essent,
773 2512 964 2582 subeunda
977 2512 1085 2580 daces
1099 2511 1230 2581 debere

160 2642 243 2687 esse.
268 2649 284 2683 <t
299 2622 334 2689 si
350 2621 441 2717 quid
454 2623 644 2720 injungere
659 2621 823 2693 inferiori
842 2623 948 2710 velis,
967 2623 1003 2692 id
1020 2625 1120 2721 prius
1139 2625 1176 2692 in
1194 2637 1229 2695 te

161 2757 177 2787 r
192 2752 232 2797 ac
245 2743 328 2799 tuos
343 2733 370 2800 si
379 2733 456 2828 ipse
465 2735 556 2826 juris
569 2737 755 2822 statueris,
771 2732 909 2805 facilius
924 2760 1050 2805 omnes
1063 2733 1232 2805 obedien·

161 2863 176 2895 s
192 2848 244 2903 tes
258 2833 401 2908 babeas.
412 2845 487 2911 Nec
500 2844 662 2940 impensa
677 2845 794 2942 gravis
811 2855 898 2933 est¹,
910 2869 1025 2941 quum
1038 2871 1082 2915 ex
1097 2869 1138 2914 ea
1148 2845 1230 2943 plus

161 2974 177 3006 c
192 2962 300 3042 quam
313 2971 380 3044 pro
387 2951 481 3021 virili
493 2969 594 3049 parte
608 2953 675 3025 sibi
685 2981 870 3052 quemque
883 2980 1010 3052 capere
1023 2956 1230 3052 principum

160 3085 176 3117 s
191 3054 334 3128 vident:
356 3060 479 3157 itaque
493 3063 622 3134 classes
636 3065 771 3137 habere
791 3079 901 3163 atque
918 3088 1047 3137 ornare
1062 3065 1230 3136 volumus

160 3197 176 3228 «
192 3169 367 3265 populum
384 3175 620 3243 romanum2?
630 3177 788 3272 privatos
799 3178 876 3248 sine
891 3178 1118 3248 recusatione
1132 3177 1232 3264 remi·

82 3428 87 3437 .
161 3407 216 3449 eos,
233 3409 298 3440 uisne
317 3394 419 3459 remiges
439 3396 595 3460 imperando,
615 3397 674 3444 dum
756 3408 779 3455 4.
789 3403 926 3446 Paraturos
936 3401 1231 3458 senavalessoeiosnid.

159 3471 269 3529 jusserit,
282 3473 385 3536 remiges
397 3475 462 3533 dari,
475 3492 559 3524 servos
572 3493 623 3524 esse
637 3494 674 3525 re-
719 3478 750 3524 ad
765 3480 817 3537 IX,
832 3480 879 3538 38,
894 3496 919 3527 n.
932 3494 955 3527 1.

161 3549 245 3612 miges.
268 3578 303 3587 —
323 3555 412 3617 Ingens
435 3555 506 3601 turba
526 3555 673 3620 circumflari.
754 3557 816 3608 Car.
826 3561 948 3608 XXXVI.
961 3561 1047 3606 1.Nec
1057 3560 1166 3625 impensa
1175 3579 1233 3627 gra·

162 3628 307 3677 Gebhardus
321 3634 468 3692 conjiciebat
481 3634 574 3700 ingenti
587 3638 674 3694 turba,·
719 3637 752 3684 vis
766 3650 814 3694 est,
831 3639 917 3686 acerba
932 3640 1056 3698 inl'eri0ri‚
1074 3642 1180 3705 plebive.
1196 3669 1231 3679 --

162 3706 205 3753 sed
219 3708 281 3754 nihil
295 3712 450 3771 mutandum,
468 3715 581 3779 inprimis
599 3733 674 3779 quum
718 3718 768 3763 Pro
777 3716 941 3779 uiriliparte;
952 3719 1002 3767 vid.
1013 3719 1044 3767 ad
1054 3721 1124 3767 Praei.
1135 3737 1159 3767 n.
1172 3723 1195 3770 3.

161 3801 231 3848 paene
249 3802 334 3836 omnes
353 3792 415 3839 MSS
431 3793 459 3838 in
478 3795 599 3859 vulgatam
614 3811 675 3843 con·
755 3812 779 3843 α.
790 3799 880 3859 Itaque
888 3796 909 3842 ei
920 3798 1035 3845 valramus
1039 3801 1159 3863 populum
1169 3819 1230 3852 ram.

162 3866 277 3914 sentiant.
294 3869 339 3914 Eo.
646 3892 648 3894 ·
719 3875 807 3922 classes
822 3874 911 3921 habere
924 3889 999 3941 atque
1013 3894 1103 3926 ornare
1118 3879 1188 3946 (vide
1200 3882 1231 3929 etl

198 3945 222 3991 3.
238 3946 283 3992 Ad
294 3964 344 3994 rem
362 3948 551 4013 inspiciendam
567 3953 624 4001 vide
640 3955 672 4002 ad
716 3956 767 4011 IX,
778 3962 823 4012 40,
834 3972 858 4001 n.
868 3955 1029 4018 1a)‚necesse
1038 3970 1088 4017 est,
1097 3960 1134 4007 vel
1144 3972 1231 4008 auctor

163 4024 213 4082 111,
227 4025 270 4084 25,
281 4041 306 4074 n.
316 4033 341 4086 4.
716 4050 781 4093 eum,
795 4046 823 4082 ut
835 4034 954 4083 nobismet
968 4036 1025 4100 ipsis
1034 4038 1141 4102 primum
1156 4040 1231 4103 impe·
