2782 4568
49 4011 125 4273 ,,,

176 344 244 415 308
444 354 449 369 ·
597 341 635 405 r.
667 338 808 406 alvu
1086 318 1153 419 llll
1169 322 1221 424 at:

171 463 293 549 cebat,
322 477 399 532 tum
426 461 553 544 etiam,
578 456 769 528 duodecim
794 479 977 526 annorum
1000 456 1247 531 assuetudine

171 572 302 671 perviis
327 567 481 666 Alpibus
506 565 628 650 factis,
654 567 749 636 inter
775 566 920 635 mitiora
942 566 1016 661 jam
1040 566 1248 639 hominum

173 680 347 753 transibat
367 679 522 775 ingenia.
542 677 716 747 Invisitati
734 680 916 772 namque‘·
934 691 1040 749 autea
1063 676 1246 775 alienige·

173 794 247 878 uis,
273 816 340 861 nec
367 788 489 860 videre
517 788 585 885 ipsi
612 787 786 858 advenam
816 787 853 855 in
875 811 938 857 sua
962 800 1058 858 terra
1085 790 1247 877 assueti,

173 902 274 972 omni
306 900 430 997 generi
457 897 619 967 humano
648 893 875 967 insociabiles
904 910 1017 967 erant.
1044 901 1091 967 Et
1116 899 1248 995 primo

173 1012 307 1108 ignari,
326 1034 401 1106 quo
418 1013 550 1079 Poenus
576 1020 760 1103 pergeret,
783 1030 865 1077 suas
884 1029 992 1103 rupes
1017 1030 1161 1103 suaque
1183 1032 1247 1079 ca·

172 1122 273 1192 stella
293 1135 328 1191 et
354 1142 527 1217 pecorum
550 1117 815 1212 hominumque
838 1115 997 1213 praedam
1017 1118 1094 1215 peti
1118 1118 1248 1190 credi-

173 1233 301 1304 derant
319 1259 326 1301 :
346 1229 441 1301 fama
462 1227 595 1299 deinde
618 1228 742 1324 punici
763 1226 868 1314 belli,
887 1252 962 1324 quo
978 1226 1249 1299 duodecimum

175 1366 312 1413 annum
332 1340 433 1412 Italia
448 1336 640 1421 urebatur,
658 1338 742 1408 satis
757 1334 970 1425 edocuerat,
984 1337 1079 1407 viam
1093 1351 1249 1409 tantum

178 1452 282 1548 Alpes
300 1446 419 1537 esse⁵;
443 1447 531 1518 duas
555 1447 763 1545 praevalidas
782 1446 910 1533 urbes,
927 1471 1060 1544 magno
1080 1449 1184 1519 inter
1207 1472 1249 1521 se

176 1562 284 1631 maris
309 1572 562 1653 terrarumque
588 1558 704 1655 spatio
734 1557 924 1647 discretas,
943 1557 997 1630 'de
1020 1558 1182 1656 imperio
1209 1572 1251 1630 et

176 1669 308 1767 opibus
327 1684 488 1739 certare:
507 1667 561 1737 hae
580 1691 693 1738 causae
715 1683 932 1766 aperuerant
951 1669 1061 1766 Alpes
1077 1670 1249 1741 Hasdru-

174 1779 258 1851 bali.
272 1783 451 1850 Caeterum
466 1778 566 1872 quod
581 1779 762 1849 celeritate
776 1781 913 1851 itineris
928 1778 1134 1877 profectum
1148 1794 1249 1869 erat,

176 1890 212 1960 id
230 1913 331 1959 mora
353 1888 399 1959 ad
425 1887 659 1974 Placentiam,
681 1889 768 1960 dum
787 1887 919 1960 frustra
941 1887 1084 1961 obsidet
1106 1890 1247 1988 magis,

179 2023 287 2093 quam
308 2011 516 2095 oppugnat,
533 1999 706 2095 corrupit.
726 1998 936 2070 Crediderat
953 1998 1169 2097 campestris
1181 2022 1252 2097 op

178 2104 278 2204 pidit
297 2105 436 2177 facilem
460 2110 765 2205 expugnationem
780 2133 878 2198 esse;
898 2124 936 2180 et
956 2108 1130 2179 nobilitas
1146 2108 1253 2179 colo·

180 2219 248 2286 niae
274 2215 465 2286 induxerat
488 2242 593 2304 eum,
617 2242 788 2313 maguum
812 2244 850 2289 se
874 2217 1015 2290 excidio
1041 2211 1125 2314 ejus
1141 2217 1253 2289 urbis

179 2341 356 2397 terrorem
370 2327 505 2397 caeteris
518 2341 635 2397 ratum
652 2327 881 2421 injecturum.
896 2332 978 2399 Non
990 2330 1109 2424 ipsum
1124 2329 1253 2402 solum

179 2461 221 2507 ea
235 2437 458 2533 oppugnatio
475 2436 658 2532 impediit,
675 2436 739 2507 sed
754 2437 993 2509 Hannibalern
1010 2451 1091 2533 post
1110 2436 1254 2512 famam

180 2548 351 2618 transitus
364 2546 462 2640 ejus,
480 2561 582 2615 tanto
601 2571 664 2642 spe
684 2569 747 2617 sua
761 2547 990 2633 celeriorem,
1005 2549 1077 2643 jam
1093 2572 1254 2621 moven-

179 2672 253 2729 tem
278 2682 321 2726 ex
347 2655 525 2742 hibernis,
554 2657 803 2745 continuerat3
831 2660 968 2756 quippe
992 2672 1251 2756 reputantem,

179 2792 257 2838 non
275 2766 392 2837 solum
408 2791 518 2862 quam
529 2765 628 2837 lenta
644 2764 789 2836 urbium
809 2769 1034 2865 oppugnatio
1049 2783 1164 2857 esset,
1182 2769 1253 2843 sed

181 2878 287 2947 etiam
304 2901 413 2972 quam
435 2877 509 2971 ipse
527 2874 660 2946 frustra
678 2876 842 2947 eamdem
858 2878 956 2948 illam
978 2878 1180 2968 coloniam,
1202 2880 1251 2953 ab

181 2986 309 3057 Trebia
323 2987 440 3056 victor
454 3009 653 3080 regressus,
671 3000 852 3056 tentasset.

229 3101 301 3167 XL.
323 3093 513 3180 Consules,
533 3094 680 3165 diversis
693 3095 883 3168 itineribus
900 3093 1052 3195 profecti
1068 3096 1250 3191 abUrbe‚

180 3207 335 3277 velutin
361 3204 436 3274 duo
460 3206 593 3301 pariter
614 3205 709 3277 bella
737 3207 983 3280 distenderant
1000 3234 1106 3280 curas
1123 3208 1252 3283 homi·

181 3320 293 3409 num,
324 3315 429 3384 simul
459 3315 748 3405 recordantium,
779 3342 869 3413 quas
896 3320 1034 3416 primus
1064 3318 1253 3393 adventus

182 3423 392 3497 Hannibalis
414 3426 594 3497 intulisset
611 3428 719 3498 Italiae
738 3428 876 3516 clades;
895 3430 1020 3518 simul,
1040 3454 1159 3525 quum
1188 3432 1252 3503 illa

181 3612 243 3659 itum
253 3611 318 3658 invia
327 3612 428 3671 scribat,
437 3628 512 3675 quum
524 3623 603 3659 umen
614 3613 690 3671 lint,
770 3623 794 3670 4.
809 3617 861 3662 Ina.
872 3632 909 3673 ra,
929 3628 975 3665 etc.
988 3616 1040 3667 rid.
1051 3618 1098 3675 IV,
1109 3618 1158 3677 33,
1170 3636 1199 3669 u.
1209 3636 1233 3671 1.

183 3698 232 3748 at,
244 3690 292 3747 25,
308 3690 392 3738 Gallos
406 3707 470 3755 saepe
485 3691 600 3739 mansisse
616 3691 691 3756 Alpes
770 3693 794 3743 5.
808 3693 878 3741 Viam
887 3706 982 3743 tantum
990 3696 1064 3759 Αζωι
1075 3712 1139 3755 etto,
1156 3700 1253 3749 Penus

181 3768 292 3817 fateatur.
313 3771 349 3816 De
367 3769 494 3817 Gallorum
508 3769 646 3832 antiquiore
664 3772 690 3818 in
734 3788 785 3820 uon
801 3772 829 3820 id
843 3789 926 3835 agere,
940 3784 968 3822 ut
981 3774 1070 3839 alpinis
1080 3776 1203 3839 gentibus
1212 3778 1253 3829 iu-

181 3847 274 3895 Italiam
297 3849 417 3905 transitu,
441 3847 511 3895 multi
536 3849 689 3898 meminere:
733 3851 1253 3917 femntbettum‚sedutpemumm

178 3928 243 3975 Cas.
257 3927 300 3973 lib.
308 3928 357 3985 VI,
372 3926 415 3972 ubi
430 3926 460 3972 da
470 3926 567 3973 Volscis
577 3927 691 3975 Tectosa·
734 3929 761 3976 in
780 3929 874 3978 Italiam
889 3932 1028 3981 transirent.
1045 3958 1082 3971 -
1095 3936 1131 3983 Et
1144 3937 1255 4001 opibus

179 4006 269 4069 gihun
286 4004 349 4051 Plin.
362 4006 426 4062 XII,
446 4019 474 4063 ¹3
487 4005 566 4051 strab.
584 4006 628 4052 [V.
644 4009 690 4055 Eo,
735 4008 792 4056 vide
802 4008 832 4055 ad
844 4012 871 4066 Ι,
883 4018 912 4070 t,
922 4026 948 4059 n.
961 4026 983 4061 1.

180 4108 216 4119 —-
226 4082 352 4137 Decedam·
362 4082 418 4129 vida
427 4081 459 4128 ad
468 4084 492 4141 1,
505 4085 551 4141 23,
565 4100 591 4131 n.
603 4092 626 4139 4,
770 4087 794 4135 6.
809 4087 834 4136 0.
844 4090 943 4155 oppidi}
952 4094 1113 4153 eum,
1126 4106 1215 4157 tom.
1226 4098 1254 4153 ὃ.
