2768 4574
1111 328 1134 364 Δ.
1148 329 1170 366 C.
1186 329 1230 372 soi.

164 347 168 357 Ι
205 356 276 451 474
610 356 647 421 Τ·
680 353 820 422 LIVH
1111 388 1135 428 u.
1150 390 1172 428 c.
1186 389 1230 432 us.

202 474 418 558 obliteratae,
441 495 549 567 quam
574 472 626 542 ira
645 473 779 542 irritata
797 483 860 540 est.
882 474 1027 564 ltaque,
1050 466 1139 536 nihil
1158 469 1257 563 prius

202 581 336 652 referre
355 581 524 651 consules
541 583 653 678 passi,
673 582 926 664 decreverunt,
945 593 985 646 ut
1003 576 1164 647 consules
1182 602 1259 645 ma-

200 696 369 784 gistratus
386 690 567 787 denosque
580 692 786 787 principat
801 694 952 785 Nepete,
968 691 1100 772 Sutrio,
1114 686 1256 773 Ardea,

209 798 371 884 Calibus,
388 798 505 885 Alba,
529 799 718 885 Carseolis,
743 803 848 883 Sora,
868 801 1015 881 Suessa,
1038 800 1153 881 Setia,
1181 800 1257 866 Cir·

203 916 301 994 ceiis,
316 915 474 996 Narnia,
496 916 705 980 Interamna
733 910 807 1003 (eae
822 932 977 1003 namque
995 907 1145 977 coloniae
1160 907 1197 975 in
1217 931 1259 977 ea

202 1044 308 1089 causa
324 1017 461 1111 erant),
477 1026 630 1091 Romam
644 1027 823 1104 excirent3
837 1024 879 1087 iis
899 1023 1130 1114 imperarent,
1143 1041 1258 1112 quan-

203 1146 278 1228 tum
303 1153 458 1226 quicque
486 1155 611 1201 earum
638 1130 861 1200 coloniarum
889 1128 1042 1199 militum
1055 1127 1258 1224 plurimum

202 1240 356 1312 dedisset
372 1240 511 1339 populo
535 1266 702 1328 romano,
725 1266 773 1310 esc
790 1265 863 1337 quo
884 1239 1001 1309 hostes
1022 1244 1058 1307 in
1078 1236 1186 1306 Italia
1204 1263 1258 1307 es-

200 1365 295 1435 sent,
312 1350 533 1447 duplicatum
549 1354 624 1446 ejus
641 1376 794 1421 summoe
810 1372 999 1420 numerum
1008 1347 1176 1444 peditum
1190 1347 1258 1416 da·

202 1474 257 1529 ret
272 1474 308 1528 et
320 1464 453 1555 equites
470 1476 633 1530 centenos
649 1467 805 1531 vicenos.
826 1463 866 1530 Si
882 1484 956 1555 qua
971 1482 1053 1526 eum
1069 1481 1259 1526 numerum

203 1573 362 1663 equitum
382 1568 526 1664 explere
543 1594 616 1638 non
626 1586 767 1666 posset,
788 1593 858 1666 pro
876 1574 994 1665 equite
1015 1591 1087 1636 uno
1104 1582 1172 1635 tres
1188 1591 1258 1662 pe-

203 1677 292 1747 dites
310 1676 429 1746 liceret
440 1678 530 1748 dare
544 1705 554 1746 .·
568 1680 712 1776 pedites
737 1683 944 1775 equitesque
967 1700 1078 1771 quam
1101 1673 1223 1771 locupl
1245 1716 1258 1727 -

203 1792 330 1855 tissimi
357 1785 556 1882 legerentur
580 1794 887 1883 mitterenturque,
913 1783 1129 1878 ubicumque
1155 1799 1259 1853 extra

204 1895 349 1966 Italiam
366 1897 611 1994 supplemento
638 1923 728 1994 opus
750 1912 850 1966 esset.
877 1899 916 1965 Si
932 1898 998 1990 qui
1020 1917 1068 1961 esc
1091 1897 1133 1961 iis
1156 1917 1259 1961 recu-

202 2022 337 2092 sarent,
364 2014 508 2077 retineri
526 2011 601 2102 ejus
627 2008 779 2077 coloniae
800 2009 1028 2100 magistratus
1054 2000 1260 2097 legatosque

193 2115 343 2211 placere
349 2144 363 2202 ,·
389 2142 522 2213 neque,
546 2124 579 2187 si
592 2116 834 2214 postularent,
859 2127 1024 2183 senatum
1051 2109 1134 2178 dari
1151 2115 1258 2207 prius
1301 2157 1304 2163 ·

202 2249 313 2319 quam
332 2231 507 2322 imperata
511 2231 695 2319 fecissent.
714 2225 937 2322 Stipendium
944 2235 1125 2318 proeterea
1142 2225 1184 2288 iis
1198 2245 1258 2289 co·

202 2333 307 2404 Ioniis
322 2342 359 2403 in
377 2336 490 2406 millia
505 2343 587 2408 ceris
604 2363 700 2407 asses
714 2334 872 2429 singulos
887 2327 1079 2429 imperari⁵
1091 2335 1260 2426 exigique

202 2449 395 2537 quotannis
401 2472 414 2531 ;
433 2470 649 2542 censumque
672 2452 708 2515 in
728 2451 771 2513 iis
793 2443 941 2513 coloniis
960 2447 1022 2536 agi
1038 2438 1258 2529 exfisrmula

200 2551 250 2621 ab
263 2560 422 2625 romanis
433 2555 637 2625 censoribus
650 2555 750 2624 data.
768 2557 865 2622 Dari
876 2548 1149 2645 autemplacere
1162 2573 1258 2617 eam·

199 2660 301 2747 dem,
319 2688 431 2759 quam
445 2663 588 2760 populo
611 2688 785 2746 romano;
807 2662 1007 2757 deferrique
1031 2663 1184 2727 Romam
1210 2658 1259 2726 ab

190 2771 327 2863 jurate
341 2773 545 2844 censoribus
558 2772 794 2856 coloniarum,
801 2777 908 2868 prius
924 2794 1036 2866 quarn
1048 2772 1259 2861 magistratu

238 2965 261 3014 4,
274 2960 432 3024 Magistratus
441 2961 562 3026 denosque
572 2963 705 3026 principes,

201 3045 229 3082 ut
247 3052 306 3085 mox
321 3053 353 3085 m.
360 3038 526 3103 primoresque
540 3041 705 3096 coloniarum,

202 3129 231 3159 ae
248 3115 401 3178 magistratus
416 3129 440 3164 et
453 3118 535 3165 decem
547 3119 624 3182 primi
642 3120 707 3183 apud

205 3191 256 3238 Cic.
264 3195 333 3241 Verr.
345 3195 381 3251 11,
398 3196 439 3254 67.
458 3198 490 3243 Hi
505 3207 562 3243 suut
580 3197 662 3243 decem
674 3214 708 3244 se·

203 3269 283 3317 niores
297 3283 321 3318 et
333 3271 457 3335 principes
470 3285 593 3321 senatores
604 3275 629 3321 in
642 3275 708 3322 colo·

201 3349 409 3413 niissmunicipiis
420 3351 520 3416 ollisque
530 3353 668 3400 civitatibus
677 3354 707 3399 li-

201 3426 284 3484 beris,
303 3427 346 3491 qui
366 3431 517 3491 magistratus
536 3432 648 3494 proxime
671 3448 707 3478 re·

201 3517 321 3568 quantum
331 3506 388 3564 Ero.
398 3507 465 3554 Clav.
476 3509 529 3556 Cic.
542 3510 613 3558 Conf.
624 3510 706 3557 Notis.

199 3585 233 3631 ad
245 3585 332 3632 Cenot.
345 3584 392 3632 Pis.
403 3585 498 3645 Diss.1‚
510 3603 532 3634 c.
544 3590 572 3646 3,
592 3599 615 3635 et
626 3589 706 3636 Graev.

199 3663 232 3710 sd
244 3664 294 3710 Cic.
304 3679 350 3727 pro
358 3665 432 3723 Raso.
442 3666 496 3711 Am.
510 3679 534 3725 9.
551 3693 586 3701 —
600 3667 705 3730 Nepete,

200 3740 294 3796 Sutrio,
308 3741 405 3799 Ardea,
416 3753 463 3789 etc.
475 3743 540 3791 conf.
550 3745 663 3802 xxvss,
676 3758 705 3804 9,

165 3836 167 3841 ·
201 3830 225 3865 et
238 3818 273 3865 ibi
285 3829 337 3866 not.
351 3826 375 3874 i.

236 3897 259 3943 5.
272 3898 421 3961 Stipendium
430 3911 550 3963 praterea
562 3900 591 3947 iis
606 3899 707 3947 coloniis

201 3975 225 4020 in
243 3975 335 4038 singule
352 3977 430 4024 millia
448 3978 502 4024 aris
520 3993 584 4024 asses
599 3977 705 4041 singulos

200 4046 313 4108 imperari
316 4065 327 4104 ς
336 4047 401 4095 conf.
411 4047 442 4094 ad
448 4047 491 4095 lib.
497 4050 573 4096 xxtt
580 4064 650 4112 ,esp
659 4048 706 4106 36,

750 2964 812 3019 n.3;
826 2960 915 3017 XXX,
935 2975 963 3019 17
976 2970 1037 3008 extr.
1052 2962 1178 3008 XXXVII
1187 2995 1195 3020 ‚
1209 2961 1258 3021 453

750 3041 878 3096 xxm,
891 3055 914 3099 7,
925 3047 964 3094 44.
974 3041 1052 3087 Gron.
1063 3040 1204 3104 «stipendii
1216 3056 1259 3086 seu

751 3119 836 3166 tributi
849 3134 940 3166 summa
949 3117 1042 3165 caeteris
1051 3134 1101 3165 non
1115 3118 1259 3183 respondem

751 3208 813 3244 esset
822 3197 848 3243 in
859 3212 948 3243 annum
960 3197 987 3260 ,ἦ
1000 3196 1026 3242 in
1037 3207 1153 3245 centena:
1167 3197 1211 3244 sed
1223 3196 1259 3243 la·

751 3274 839 3322 borant
854 3275 936 3323 verba.
946 3297 958 3316 n
981 3276 1063 3339 Hcyn.
1077 3276 1167 3339 Opusc.
1181 3275 1257 3323 Acad.

751 3364 770 3401 t.
776 3354 827 3412 111,
840 3364 865 3418 p.
875 3369 917 3416 91.
928 3352 985 3399 Tria
998 3352 1075 3399 millia
1086 3369 1133 3416 pro
1147 3354 1171 3400 in
1181 3353 1259 3400 millia

750 3431 820 3480 multi
835 3433 898 3480 Mss
916 3443 941 3478 rt
956 3431 1013 3479 edd.
1029 3443 1084 3478 ante
1103 3433 1179 3478 Gron.
1193 3431 1260 3478 unde

751 3511 852 3558 Hotom.
867 3511 897 3557 de
910 3513 946 3559 Re
961 3524 1026 3557 num.
1037 3525 1063 3572 p.
1074 3510 1118 3567 88,
1132 3510 1197 3570 conj.
1210 3509 1259 3556 tria

750 3587 828 3636 miliia
835 3589 976 3636 arissasses
983 3588 1008 3634 iu
1015 3587 1161 3651 singulos(iu
1168 3588 1260 3652 cupita)

750 3666 873 3729 imperari.
879 3664 1075 3730 —Exformut'a
1081 3701 1087 3711 .
1093 3701 1099 3713 .
1106 3701 1112 3710 .
1119 3666 1195 3721 data;
1204 3666 1259 3712 ride

750 3743 782 3790 ad
794 3746 838 3802 tv,
850 3745 874 3799 8,
886 3761 910 3790 n.
922 3751 946 3798 4.
957 3770 991 3779 -
999 3745 1114 3791 Farmula
1125 3755 1159 3792 est
1168 3744 1210 3790 hic
1219 3744 1260 3792 lex

751 3832 879 3878 consueta,
890 3838 921 3868 ex
935 3838 982 3884 qua
995 3834 1075 3870 certus
1088 3838 1203 3869 numerus
1214 3822 1259 3869 mi-

749 3899 819 3946 litum
830 3900 917 3962 cuique
929 3901 1037 3958 civitati,
1048 3915 1094 3964 pro
1104 3903 1199 3947 ratione
1208 3902 1261 3960 ejus

750 3978 845 4034 virium,
851 3978 1021 4042 imperabatur.
1027 3981 1073 4026 En.
1080 3977 1260 4043 —Dffcrriqus

749 4058 862 4113 Romam,
876 4068 920 4105 etc.
935 4068 959 4104 et
973 4073 1058 4104 census
1071 4056 1148 4105 habiti
1165 4057 1262 4105 tubulas
