2768 4574
167 326 287 432 llll:
355 344 505 413 urana
536 345 718 415 xxv111.
747 302 1000 414 clrssxxx.
1127 351 1193 433 401

140 472 221 562 Ipsa
235 467 417 536 cunctatio
429 462 635 535 facultatem
649 463 888 534 detrectandae
902 491 1032 564 pugnae
1046 469 1196 543 ademit:

136 575 210 670 jam
230 577 327 645 enim
351 573 418 644 sub
442 576 517 645 ictu
542 573 604 645 teli
628 589 749 661 erant,
773 589 810 645 et
833 573 996 671 undique
1016 580 1198 655 instabant

140 685 279 771 hostes;
297 698 402 753 aestus
417 707 565 778 quoque
584 681 773 754 arbitrium
790 682 1002 757 moderandi
1017 714 1125 762 naves
1141 694 1199 766 ad·

140 809 299 867 emerat:
318 816 438 889 neque
455 806 532 863 erat
547 792 664 862 navali
679 817 801 890 pugna
820 794 961 880 similis,
983 798 1120 895 quippe
1136 802 1201 872 ubi

139 905 230 976 nihil
249 903 511 990 voluntarium,
531 902 619 973 nihil
644 905 730 974 artis
752 918 814 975 aut
835 906 974 976 consilii
997 924 1099 981 esset.
1120 917 1201 983 Una

139 1032 266 1088 natura
281 1013 364 1085 freti
377 1027 556 1111 aestusque
575 1015 686 1084 totius
704 1016 908 1086 certaminis
927 1015 1090 1114 poten55,
1108 1024 1200 1106 suis,

140 1126 265 1197 alienis
294 1122 446 1194 navibus
472 1123 721 1220 nequidquam
743 1126 892 1223 remigio
918 1127 956 1195 in
978 1133 1199 1202 contrarium

140 1235 330 1307 tendentes
357 1233 574 1320 invehebat,
603 1248 644 1304 ut
673 1232 873 1332 fugientem
901 1262 1032 1307 navem
1060 1240 1202 1313 videres

138 1361 237 1417 retro
256 1346 392 1416 vortice
411 1347 582 1416 intortam
599 1345 796 1416 victoribus
815 1347 969 1437 illatam;
991 1367 1027 1422 et
1048 1376 1202 1449 sequen·

138 1470 232 1542 tem,
245 1456 276 1525 si
290 1456 327 1524 in
342 1454 563 1525 contrarium
575 1468 728 1525 tractum
741 1455 924 1528 incidisset
934 1461 1056 1550 maris,
1069 1459 1204 1559 fugien-

138 1567 184 1636 tis
209 1566 319 1636 modo
343 1589 419 1636 sese
443 1578 677 1635 avertentem.
700 1571 777 1635 Jam
800 1567 838 1635 in
861 1568 938 1663 ipsa
962 1593 1084 1666 pugna
1108 1574 1201 1661 haec,

139 1700 255 1772 quum
269 1673 400 1745 infesto
413 1687 533 1744 rostro
547 1690 686 1770 peteret
704 1675 861 1747 hostium
875 1702 1002 1748 navem
1012 1678 1038 1767 ⁶,
1052 1681 1202 1780 obliqua

140 1786 216 1883 ipsa
232 1787 344 1856 ictum
355 1784 500 1856 alterius
513 1786 621 1855 rostri
636 1785 832 1882 accipiebat
848 1815 855 1856 :
872 1788 950 1875 illa,
965 1815 1076 1886 quum
1093 1809 1204 1866 trans·

138 1920 241 1966 versa
265 1894 485 1990 objiceretur
508 1894 625 1981 hosti,
651 1911 803 1992 repente
828 1898 964 1968 intorta
990 1902 1028 1971 in
1054 1927 1201 2000 proram

139 2006 463 2102 circumagebatur.
491 2009 614 2096 Quum
641 2007 737 2076 inter
763 2009 945 2096 triremes,
970 2009 1117 2083 fortuna
1143 2041 1203 2087 re-

138 2130 267 2212 gente,
296 2139 428 2211 anceps
456 2115 619 2211 praelium
650 2116 900 2203 misceretur7,
928 2121 1202 2218 quinqueremis

139 2250 306 2321 romana,
332 2249 395 2296 seu
421 2224 584 2322 pondere
608 2226 788 2315 tenacior,
812 2251 875 2298 seu
896 2227 1061 2325 pluribus
1079 2258 1199 2306 remo-

138 2362 220 2407 rum
245 2334 432 2406 ordinibus
459 2335 707 2405 scindentibus
725 2338 898 2426 vortices,
924 2365 1038 2436 quum
1062 2340 1200 2416 facilius

138 2461 344 2543 regeretur,
372 2443 461 2514 duas
489 2445 653 2515 triremes
677 2448 898 2543 suppressit,
924 2451 1032 2521 unius
1055 2455 1200 2548 praelata

139 2556 278 2651 impetu
303 2555 422 2624 lateris
448 2553 594 2625 alterius
621 2579 740 2625 remos
768 2555 935 2644 detersit;
963 2575 1198 2660 caeterasque,

174 2808 197 2855 5.
212 2808 295 2854 AEstus
309 2805 532 2854 totius.certaminis
543 2817 642 2868 potens,
724 2805 748 2852 θ’.
769 2804 861 2871 Infesta
882 2817 961 2853 rostro
978 2819 1073 2883 peteret
1092 2827 1198 2872 narem

137 2887 198 2936 illud
217 2886 289 2933 unice
306 2900 406 2947 regens3
424 2896 453 2931 ut
469 2900 529 2932 mox
537 2883 644 2949 firrtuna
689 2885 754 2932 conf.
764 2900 837 2948 supra
848 2884 879 2931 ad
891 2884 935 2932 lib.
947 2887 1091 2949 I,cap.13,
1106 2903 1158 2940 not.
1173 2909 1196 2942 ῃ,

138 2977 232 3032 regente
240 2963 357 3028 praelium.
366 2965 470 3011 -Mox
478 2962 519 3010 alii
526 2963 575 3010 suis
585 2961 645 3010 alie·
726 2978 748 3023 7.
756 2961 970 3026 Ancepspraelium
979 2964 1131 3026 maceratum
1142 2971 1198 3021 vide

137 3046 234 3109 ruique,
247 3042 289 3091 alii
298 3058 363 3089 snas.
373 3043 418 3088 En.
425 3069 461 3078 -
468 3043 562 3090 Vortice
571 3041 645 3088 intor-
688 3042 720 3090 ad
730 3044 769 3100 II,
786 3056 831 3104 19,
844 3057 869 3088 n.
877 3041 901 3089 3.
911 3068 946 3078 -
955 3044 1066 3091 Pondere
1076 3049 1193 3108 tenacior,

139 3138 203 3180 tam,·
213 3123 262 3170 vid.
272 3124 351 3179 XXI,
365 3122 410 3178 58,
424 3112 449 3167 n}
462 3121 487 3168 3.
502 3148 534 3157 -
550 3120 645 3166 Vortice
688 3120 794 3179 firmior,
809 3119 966 3169 immobilior.
981 3150 1014 3159 —
1030 3126 1140 3174 Praelata
1154 3129 1198 3177 im-

138 3221 184 3269 pro
200 3201 291 3250 vertice
307 3200 385 3248 edidit
401 3202 453 3247 Iac.
468 3201 545 3247 Gron.
564 3199 646 3262 itaque
683 3211 758 3262 pecu,
769 3199 879 3247 celeriter
888 3210 913 3247 et
919 3201 1031 3263 proxime
1040 3216 1197 3265 praetervecta

137 3283 294 3331 scribendum
308 3279 413 3340 conjecit
425 3278 550 3339 Dujatius,
563 3277 645 3324 addita
688 3277 756 3341 (vide
769 3278 800 3324 ad
811 3280 836 3336 1,
847 3278 889 3335 45,
903 3293 928 3324 ιι.
940 3295 964 3338 7,
976 3291 1000 3328 et
1008 3283 1046 3337 II,
1061 3291 1106 3342 14,
1119 3301 1143 3333 η,
1156 3288 1196 3353 3),

137 3363 183 3409 bac
194 3359 404 3418 causa,a·orticem
417 3357 467 3404 dici
480 3357 510 3404 de
524 3357 584 3403 mari
594 3356 645 3403 sive
688 3373 766 3404 remos
786 3356 885 3403 alterius
907 3357 990 3404 laterai
1007 3359 1077 3406 unius
1093 3363 1197 3413 triremis

138 3440 214 3487 {luctu
229 3441 255 3485 in
273 3455 360 3502 gyrum
378 3447 504 3494 contorto,
521 3435 588 3498 quod
604 3434 644 3482 bic
688 3436 784 3499 punicae
802 3434 911 3490 detersit,
929 3435 1014 3499 fregit,
1032 3437 1148 3505 defregit,
1168 3457 1195 3493 ur

137 3518 192 3565 vult
203 3516 425 3572 Lirius‚verticem
435 3531 492 3562 vero
504 3514 534 3560 de
547 3513 645 3560 turbine
688 3516 820 3571 XXXVI,
840 3520 888 3571 lm
906 3514 1046 3574 XXXVII,
1068 3525 1119 3577 ²4,
1142 3521 1194 3583 ³05

137 3613 180 3642 seu
195 3605 269 3641 vento
287 3605 374 3643 rotato.
392 3597 484 3641 Verum
496 3593 545 3640 hoo
560 3592 645 3640 discri-
689 3594 841 3651 XXXVIII,
854 3593 877 3641 5.
890 3593 929 3640 Sic
939 3593 1070 3660 παραλύειν
1081 3608 1106 3646 et
1116 3618 1196 3670 παρα.

137 3690 194 3720 men
214 3688 264 3720 uon
282 3688 376 3736 semper
395 3673 549 3720 observatum
572 3673 645 3719 fulsse
691 3673 784 3742 σύρειν,
802 3691 847 3723 seu
868 3667 991 3740 διασύρειν
1016 3673 1069 3733 τοὺς
1093 3681 1195 3748 ταρσοὺς

138 3753 211 3800 docet
224 3747 347 3797 Drakenb.
360 3749 391 3796 ad
405 3750 646 3809 sil.1nl.111,475;
691 3752 757 3817 apud
769 3751 873 3799 Diodor.
884 3752 937 3808 XI,
957 3751 1001 3808 18;
1020 3753 1106 3817 Polyb.
1125 3760 1186 3809 XVI
1191 3796 1199 3820 ,

138 3842 203 3879 certe
216 3830 265 3876 hoo
282 3829 338 3876 loco
355 3829 453 3891 plurimi
468 3829 541 3877 codd.
556 3828 648 3876 uertice
694 3840 721 3890 4,
733 3832 748 3878 5
761 3842 785 3877 et
801 3837 841 3884 14.
856 3829 893 3876 Cf.
909 3828 951 3877 Sil.
965 3830 1035 3887 XIV,
1052 3832 1114 3893 3823
1124 3838 1196 3890 Voss,

139 3920 242 3959 servant.
257 3911 303 3956 Eo.
324 3937 359 3944 —
381 3909 530 3965 Victoribus,
546 3909 649 3957 navibus
694 3911 724 3957 ad
738 3910 798 3958 Caes.
812 3911 841 3956 B.
855 3908 883 3955 C.
900 3909 927 3964 I,
944 3907 989 3965 583
1004 3909 1068 3957 nul.
1082 3913 1114 3959 ad
1133 3919 1197 3969 Flor,

138 3989 247 4038 hostium
262 3986 410 4036 victricibus.
425 4016 459 4022 —
475 3990 529 4035 Sese
542 4000 649 4038 averten·
695 3990 733 4046 ΙΙ,
746 4004 774 4044 a,
788 3989 815 4045 8,
831 3997 855 4033 et
866 3985 985 4050 Bottigeri
997 3988 1119 4039 Arehaeol.
1133 3997 1199 4046 Mus.

139 4081 201 4128 cem,
214 4068 305 4116 circum
316 4079 341 4116 et
353 4079 418 4115 retro
432 4078 518 4117 actam.
696 4071 763 4114 Faso.
778 4069 806 4127 I,
825 4080 880 4130 pag.
898 4064 943 4123 53,
962 4063 1009 4123 54,
1024 4067 1066 4114 68.
1085 4098 1120 4107 -
1136 4075 1202 4123 Mul.

246 4160 286 4227 V.
990 4151 1036 4222 26
