2768 4574
144 277 278 362 ·=m
631 284 844 353 tumn
1110 267 1242 378 ll&

204 399 312 496 pavit.
328 396 547 505 Hasdrubal,
564 424 610 470 ne
624 401 662 470 in
677 417 776 474 arcto
792 429 849 477 res
864 421 975 494 esset,
994 393 1274 483 caduceatorem

203 511 317 597 misit,
331 512 395 605 qui
408 512 653 608 promitteret,
666 511 695 582 si
709 513 794 587 inde
809 518 937 588 missus
950 516 1059 607 foret,
1073 544 1110 590 se
1121 545 1273 596 omnem

203 630 400 700 exercitum
409 629 630 726 exHispania
640 627 1055 726 deportaturqunam
1065 653 1140 697 rem
1151 653 1274 724 quum

203 740 284 811 laeto
305 742 426 810 animo
442 746 627 811 Romanus
648 739 859 837 accepisset,
880 737 976 807 diem
997 750 1182 833 posterum
1197 744 1274 809 Ha-

203 850 349 922 sdrubal
369 850 552 947 colloquio
567 852 712 948 petivit,
728 862 769 919 ut
783 849 935 919 Romani
951 847 1048 946 leges
1062 847 1273 921 conscribe·

201 977 284 1033 rent
307 961 352 1033 de
370 961 554 1033 tradendis
577 960 718 1032 arcibus
738 959 885 1030 urbium
905 958 1036 1055 dieque
1058 959 1273 1050 statuenda,

202 1073 247 1144 ad
268 1074 395 1170 quam‘
403 1073 568 1169 praesidia
591 1070 875 1155 deducerentur,
896 1093 1034 1166 suaque
1053 1071 1175 1141 omnia
1191 1072 1272 1144 sine

202 1182 328 1253 fraude
352 1183 455 1253 Poeni
480 1181 727 1279 deportarent.
748 1178 857 1271 Quod
877 1178 942 1250 ubi
963 1181 1185 1277 impetravit,
1205 1207 1272 1252 ex-

201 1292 338 1388 templo
358 1293 484 1388 primis
507 1291 668 1362 tenebris
691 1306 800 1386 atque
822 1288 908 1360 inde
931 1303 1007 1360 tota
1027 1306 1151 1379 nocte,
1166 1290 1272 1389 quod

201 1404 449 1500 gravissimum
471 1404 675 1474 exercitusl
690 1417 784 1490 erat,
801 1399 1019 1489 Hasdrubal,
1037 1427 1272 1500 quacumque

201 1528 339 1609 posset,
360 1512 511 1584 evadere
531 1538 550 1583 e
567 1513 660 1585 saltu
674 1513 791 1607 jussit.
813 1515 906 1583 Data
924 1511 1051 1582 sedulo
1068 1529 1272 1610 operaest,

199 1648 246 1694 ne
265 1625 370 1694 multi
388 1649 429 1694 ea
450 1639 558 1694 nocte
577 1625 732 1710 exirent,
751 1637 791 1692 ut
811 1622 888 1718 ipsa
909 1623 1203 1720 paucitas-quum
1224 1625 1272 1697 ad

199 1733 342 1805 hostem
361 1735 503 1805 silentio
522 1732 721 1805 fallendum
735 1735 872 1830 aptior,
888 1747 966 1803 tum
981 1734 1025 1803 ad
1041 1735 1273 1809 evadendum

198 1869 265 1941 per
275 1861 388 1915 arctas
397 1846 540 1915 semitas
550 1869 591 1914 ac
604 1842 768 1914 difficiles
783 1848 1051 1915 esset.Ventum
1062 1846 1272 1943 insequenti
1296 1911 1300 1917 .

138 1960 140 1966 '
200 1953 258 2024 die
273 1954 318 2024 ad
333 1954 556 2050 colloquium
573 1967 627 2024 est
644 1979 651 2021 :
667 1952 730 2024 sed
742 1952 929 2049 loquendo
944 1952 1049 2050 plura
1063 1954 1272 2028 scribendo·

200 2089 293 2160 que,
313 2063 434 2133 dedita
451 2088 578 2160 opera,
598 2088 678 2159 quae
693 2065 730 2133 in
743 2088 821 2134 rem
840 2054 915 2134 non
934 2079 1052 2134 essent
1066 2061 1091 2147 ⁵,
1107 2065 1164 2136 die
1178 2091 1271 2139 con-

199 2189 369 2270 sumpto,
388 2174 424 2242 in
449 2189 636 2270 posterum
659 2173 808 2244 dilatum
832 2189 895 2245 est.
920 2174 1050 2245 Addita
1072 2177 1273 2273 insequens

199 2308 273 2353 uox
287 2285 441 2380 spatium
459 2283 559 2355 dedit
575 2299 611 2355 et
626 2285 713 2355 alios
732 2284 922 2355 emittendi
935 2312 942 2353 :
955 2309 1023 2355 nec
1040 2301 1187 2382 postero
1208 2287 1270 2362 die

199 2417 255 2462 res
272 2392 383 2464 finem
402 2395 550 2464 invenit.
569 2400 622 2464 Ita
643 2394 782 2492 aliquot
801 2394 876 2466 dies
894 2395 1126 2493 disceptando
1148 2399 1271 2496 palam

198 2503 243 2572 de
262 2503 419 2601 legibue,
445 2521 645 2603 noctesque
667 2506 872 2577 emittendis
894 2507 1021 2578 clame
1039 2511 1161 2580 castris
1179 2515 1269 2583 Car,

193 2614 503 2712 thaginiensibus,
526 2616 744 2714 absumptae3
769 2633 821 2699 et,
839 2633 1032 2715 postquam
1053 2622 1166 2716 major
1183 2646 1271 2720 pars

197 2814 231 2821 -
249 2787 287 2832 Ne
300 2786 324 2833 in
336 2798 405 2833 arcto
419 2787 476 2834 loco
494 2803 531 2835 res
544 2799 617 2843 esset,
639 2803 670 2834 ne
682 2787 709 2833 in
754 2786 900 2850 duce0„qui
909 2804 994 2850 pacem
1002 2799 1104 2852 peteret.
1113 2789 1271 2852 Cadurcum,

197 2864 259 2912 saltu
273 2865 454 2926 includeretur,
466 2865 533 2913 unde
543 2866 645 2914 evadere
656 2882 709 2913 uon
754 2877 781 2913 ut
794 2877 863 2915 notat
876 2866 1017 2925 CrevcrIus,
1029 2878 1065 2914 ett
1078 2869 1146 2931 virga
1159 2867 1272 2920 duorum

196 2956 280 3008 posset
300 2960 307 2992 :
326 2945 411 2992 velue
431 2961 526 2993 summo
545 2957 709 3010 exponeretur
754 2957 894 3011 serpentum
908 2947 1012 3010 imagine
1025 2947 1143 3012 implexa,
1155 2949 1200 3010 qui
1216 2967 1272 3000 me.

196 3024 318 3087 periculo‚
332 3040 382 3086 quo
394 3041 465 3071 sensu
475 3025 566 3088 passim
579 3036 674 3071 arctum
684 3034 709 3071 ct
754 3024 793 3071 dia
800 3025 912 3088 corporis
921 3037 988 3089 parte
996 3026 1064 3073 nodo
1074 3026 1164 3089 alligati
1171 3029 1274 3092 primis·

196 3104 315 3166 angustia·
323 3119 370 3167 pro
382 3103 537 3165 discrimine,
547 3114 571 3150 et
583 3119 619 3150 res
631 3114 708 3150 arcte
755 3121 802 3168 que
811 3105 923 3169 parthus
936 3105 1019 3152 inflexi
1028 3107 1055 3152 iu
1067 3105 1168 3154 modum
1179 3107 1275 3164 circuli

194 3193 352 3245 seuangustae
358 3198 404 3245 pro
412 3181 518 3228 adversis
526 3181 708 3246 dicuntur(qui-
752 3185 835 3231 oscula
846 3185 960 3248 jungunt.
973 3187 1033 3232 Haec
1047 3186 1112 3248 virga
1121 3197 1157 3234 est
1166 3189 1274 3250 symbo-

194 3258 241 3306 hus
251 3260 333 3307 laxius
342 3260 426 3307 vivere
439 3261 707 3324 opponiturXXXIII,
751 3263 802 3310 lum
813 3264 888 3329 pacis.
900 3266 970 3311 Hanc
978 3266 1058 3312 Graeci
1068 3266 1169 3328 aliaeque
1181 3279 1274 3330 gente·

197 3345 245 3394 24,
258 3338 336 3402 11-4),
350 3349 378 3385 ut
387 3355 464 3402 gtaece
474 3341 574 3402 στενὸς,
589 3359 709 3407 attic-Lu·
751 3343 836 3407 legatis
844 3344 894 3390 ems
902 3343 1001 3400 dabant,
1008 3361 1082 3407 quum
1089 3346 1275 3397 conmitterent

195 3416 251 3484 ρία,
275 3421 443 3487 στενοχωρέω,
465 3423 608 3487 metaphora
630 3425 707 3487 petita
751 3439 836 3486 pacem
846 3424 1007 3470 oraturos.De
1016 3424 1123 3472 caduceo
1132 3424 1186 3473 vid.
1198 3429 1274 3476 Serv.

193 3495 225 3542 ab
244 3509 347 3561 augusto
368 3499 463 3562 spatio,
486 3515 528 3545 seu
546 3499 619 3556 loco,
642 3501 707 3547 untle
751 3501 783 3548 ad
794 3502 889 3548 AEneid.
898 3503 942 3560 IV,
957 3511 1016 3558 aaa.
1029 3506 1074 3551 Eu.
1088 3530 1123 3539 -
1140 3505 1275 3558 Romanus

196 3574 327 3624 difficulter
338 3578 457 3626 evaditur.
469 3578 559 3626 Confer
571 3579 601 3625 ad
612 3581 644 3636 V,
659 3581 706 3638 38,
752 3580 882 3644 accepisset
887 3599 897 3638 ;
912 3581 969 3629 vide
978 3583 1010 3629 ad
1018 3584 1135 3640 XXXII,
1147 3599 1191 3642 11,
1201 3602 1227 3633 n.
1245 3595 1275 3645 4,-

195 3670 220 3700 u.
232 3661 260 3712 lt,
270 3657 384 3713 XXVII,
399 3659 443 3714 46,
454 3674 478 3704 n.
488 3673 501 3703 a
511 3674 517 3713 ;
528 3659 654 3714 XXVIII,
665 3659 706 3714 33,
787 3667 811 3713 t.
828 3661 1000 3708 Gravissimum
1013 3662 1132 3709 exereitus
1139 3697 1147 3719 ,
1169 3667 1276 3728 gravio.

196 3747 219 3777 n.
227 3734 332 3780 &Verba
343 3736 619 3798 occupavitllasdrabal
623 3753 637 3782 a
644 3737 706 3784 Mss
752 3755 801 3785 rem
813 3751 965 3787 armaturam.
979 3741 1190 3806 Impedimeutaet
1199 3748 1278 3810 quid.

195 3809 284 3857 absunt
298 3827 305 3858 ι
319 3813 383 3859 uude
397 3815 475 3863 Gron.
488 3817 552 3876 conj.
567 3816 645 3881 Hujus
658 3819 706 3864 sal·
751 3818 811 3880 quid
830 3818 862 3865 ob
885 3821 1027 3882 gravitatem
1048 3837 1115 3867 suam
1139 3820 1277 3876 difficilius

197 3899 233 3935 tus
235 3885 325 3951 fauces
338 3893 403 3938 Nero
415 3909 488 3955 quum
501 3906 568 3941 arcte
581 3894 690 3958 sepsisscc
697 3931 705 3953 ,
751 3898 892 3961 promoveri
905 3911 998 3962 potest;
1012 3901 1085 3947 Doce.

196 3968 382 4016 caduceatorem
398 3972 475 4028 misit,
497 3974 549 4021 scil.
562 3974 706 4022 Hasdrubal.
788 3977 811 4024 5.
826 3978 886 4038 Quae
899 3977 924 4024 in
937 3995 987 4025 rem
1004 3991 1158 4036 nonesscnt,
1174 3983 1280 4041 adrem

195 4073 230 4081 -
252 4045 448 4096 caduceatorem.
470 4053 585 4112 Legatum
599 4070 653 4099 curn
667 4067 704 4100 cn·
751 4057 827 4118 ipsam
841 4059 1280 4126 nonspectarent,veltupcnucua
