2768 4574
186 305 307 411 3:553,ss
337 324 421 392 un
449 325 559 392 xxv.
588 326 685 393 car.
714 326 912 394 xxxvm.
934 324 1100 418 ¹itanu.
1171 311 1225 420 '93

158 479 175 511 ι(
188 449 364 519 hesternae
378 451 581 546 eruptionis
599 448 694 520 fama
712 450 898 521 contemni
912 448 1146 538 desierimus,
1165 473 1226 546 pe·

157 587 174 620 «
188 559 343 629 riculum
363 573 434 645 est,
453 585 500 629 ne
517 584 643 631 omnes
663 559 797 645 duces,
816 551 1074 657 omnesbopiae
1091 585 1223 634 conve-

158 697 173 731 s
188 671 300 739 niant.
312 674 397 740 Tres
410 669 541 740 deinde
552 670 681 758 duces,
696 685 768 741 tres
777 670 955 740 exercitus
965 669 1224 746 sustinebimus

159 808 175 843 «
199 778 375 870 hostium,
394 806 487 878 quos
505 785 571 852 Cn.
597 782 735 878 Scipio,
758 781 932 863 incolumi
950 785 1131 872 exercitu,
1148 811 1225 856 non

158 918 175 953 «
189 893 382 961 sustinuit?
398 897 448 963 Ut
463 890 658 962 dividendo
673 893 794 989 copias
813 891 952 988 periere
969 890 1078 963 duces
1092 897 1224 982 nostri,

159 1028 174 1062 ι(
189 1000 238 1069 ita
261 1003 414 1098 separati
437 1026 478 1071 ae
505 1001 608 1071 divisi
634 1001 789 1098 opprimi
814 1016 967 1097 possunt
994 1001 1138 1073 hostes:
1159 1007 1226 1077 alia

158 1138 174 1172 «
189 1108 273 1180 belli
286 1111 436 1208 gerendi
449 1113 505 1182 via
519 1111 618 1181 nulla
636 1126 698 1181 est.
713 1110 869 1182 Proinde
884 1111 996 1199 nihil,
1013 1128 1142 1210 praeter
1156 1120 1226 1186 no·
1252 1172 1256 1183 .

157 1250 174 1283 «
189 1221 253 1290 ctis
269 1223 440 1317 proximae
455 1222 783 1319 opportunitatem,
800 1235 1060 1319 exspectemus.
1071 1228 1142 1312 Ite,
1158 1222 1225 1293 diis

158 1360 174 1393 «
187 1329 283 1411 bene
301 1332 529 1426 juvantibus,
554 1356 708 1428 corpora
727 1346 868 1419 curate,
888 1347 929 1402 ut
951 1333 1082 1429 integri
1101 1334 1225 1430 vigen-

158 1471 174 1504 «
189 1455 331 1539 tesque,
350 1443 478 1514 eodem
494 1444 616 1513 animo
634 1444 672 1512 in
689 1457 802 1512 castra
820 1441 981 1512 hostiurn
998 1444 1224 1541 irrumpatis,

158 1583 174 1615 t<
188 1568 389 1649 quo-vestra
399 1556 504 1625 tutati
519 1555 637 1625 estis.»
647 1554 733 1622 Laeti
751 1567 786 1622 et
802 1552 949 1624 audiere
964 1553 1009 1623 ab
1024 1580 1121 1625 novo
1134 1555 1225 1628 dirce

158 1689 293 1734 novum
314 1666 517 1753 consilium,
532 1680 586 1752 et,
609 1689 685 1761 quo
709 1662 878 1734 audacius
903 1678 999 1752 erat,
1020 1667 1131 1763 magis
1150 1667 1224 1764 pla-

158 1774 271 1845 cebat.
294 1776 489 1872 Reliquum
511 1776 581 1848 diei
601 1772 835 1873 expediendis
854 1775 961 1844 armis
983 1789 1019 1845 et
1039 1777 1226 1847 curatione

64 1887 78 1952 .’
158 1909 354 1983 corporum
374 1901 647 1982 consumptum,
677 1900 713 1957 et
732 1886 848 1980 major
872 1910 954 1982 pars
977 1887 1092 1956 noctis
1112 1888 1227 1983 quieti

159 1993 241 2064 data
255 2010 309 2066 est
326 2023 333 2064 ε
351 2011 480 2092 quarta
493 1996 612 2094 vigilia
636 2020 782 2067 movere
794 2005 837 2064 1⁰.

96 2146 104 2157 -
205 2109 367 2176 XXXIX.
392 2112 505 2176 Erant
532 2106 626 2176 ultra
651 2107 816 2203 proxima
843 2120 956 2176 castra
984 2124 1047 2175 s'ex
1072 2104 1227 2176 millium

156 2216 370 2288 intervallo1
388 2217 561 2289 distantes
576 2216 652 2287 aliae
667 2217 779 2313 copiae
793 2221 998 2287 Poenorum.
1016 2215 1127 2287 Vallis
1142 2231 1227 2287 cara

157 2329 349 2418 intererat,
370 2328 551 2399 condensa
569 2326 784 2398 arboribus:
805 2329 843 2397 in
860 2327 969 2423 hujus
989 2327 1085 2397 silvae
1105 2330 1226 2400 medio

157 2436 270 2509 ferme
297 2440 428 2536 spatio,
449 2438 580 2509 cohors
598 2462 748 2508 romana
771 2452 846 2507 arte
865 2439 998 2534 punica
1022 2436 1169 2508 abditur
1188 2453 1225 2510 et

158 2551 307 2644 equites.
329 2555 400 2635 Ita,
417 2549 537 2620 medio
551 2552 681 2620 itinere
694 2551 898 2646 intercepto
910 2558 938 2633 ²,
958 2563 1094 2619 eceterae
1112 2550 1224 2646 copiae

76 2717 78 2721 .
158 2659 439 2758 silentiagmine
465 2661 511 2731 ad
532 2662 716 2759 proximos
738 2660 858 2753 hostes
875 2657 1011 2747 ductae3
1032 2675 1087 2744 et,
1109 2686 1225 2757 quum
1268 2672 1271 2676 '

159 2769 264 2838 statio
279 2770 377 2840 nulla
386 2796 456 2868 pro
470 2773 600 2867 portis,
617 2795 737 2867 neque
751 2773 789 2839 in
803 2769 897 2839 vallo
908 2769 1079 2840 custodiae
1093 2786 1225 2858 essent,

157 2878 256 2949 velut
281 2879 318 2946 in
343 2903 405 2949 sua
431 2895 565 2971 castra,
586 2881 689 2951 nullo
710 2902 864 2976 usquam
883 2877 1097 2966 obsistente,
1114 2905 1226 2977 pene-

158 3003 317 3060 travere:
336 2987 421 3060 inde
444 2990 544 3086 signa
571 3006 725 3080 canunt,
747 3005 783 3061 et
806 2988 946 3060 tollitur
968 2990 1114 3059 clamor.
1142 2996 1226 3061 Pars

158 3210 245 3258 iterum
260 3221 374 3275 poterant
386 3227 442 3257 cum
456 3225 499 3273 spe
512 3208 617 3255 fortunae
631 3208 671 3254 ad·
715 3208 794 3264 vallo;
808 3208 865 3255 vide
873 3207 905 3254 ad
916 3208 965 3264 IX,
978 3216 1024 3264 aa,
1036 3224 1060 3254 n.
1071 3223 1139 3254 o.--
1149 3208 1226 3256 Vallis

159 3290 239 3338 oriri:
260 3301 285 3338 ot
305 3291 377 3338 simul
396 3299 529 3338 emanasset
544 3288 605 3335 fama
620 3299 670 3335 tam
714 3303 775 3333 cava
799 3287 915 3334 intererat
936 3286 1058 3333 condensa
1085 3288 1224 3345 arboribus,

159 3367 228 3416 fortis
255 3371 380 3435 felicisque
406 3369 533 3427 audaciae,
561 3377 671 3415 cessante
714 3364 741 3412 id
754 3377 804 3423 est,
824 3364 972 3427 condensis;
994 3367 1051 3412 Ern.
1065 3367 1142 3414 Densi
1154 3368 1226 3415 eolles

159 3459 313 3513 contemptu,
335 3451 480 3498 intentiores
506 3448 583 3496 futuri
602 3458 671 3496 erant
715 3444 795 3508 simpl.
810 3444 926 3493 dicuntur
942 3443 1033 3492 Tibull.
1045 3447 1088 3502 IV,
1108 3446 1138 3504 3,
1155 3463 1181 3495 n.
1197 3462 1226 3507 γ,

158 3525 241 3574 hostes
256 3539 280 3575 et
297 3530 385 3594 'copias
405 3545 489 3576 omnes
507 3526 669 3586 contracturi3
715 3538 744 3574 ut
757 3528 837 3575 Graeci
847 3520 926 3583 derbe
941 3523 1000 3586 ὕλη,
1017 3537 1042 3574 at
1051 3536 1076 3573 et
1090 3522 1133 3579 ὕλη
1145 3521 1225 3587 δασὺς

159 3605 236 3653 Gron.
713 3598 797 3672 ἴδῃσι,
809 3604 894 3656 πίτυσι
906 3639 914 3666 ,
930 3617 996 3662 ete,
1009 3607 1097 3656 Schaef.

196 3700 235 3732 10.
247 3687 342 3747 Quarta
352 3686 441 3752 vigilia
452 3702 560 3742 morem
570 3686 627 3733 vide
638 3685 670 3733 ad
749 3700 773 3732 a.
798 3686 840 3730 Ito
866 3682 946 3730 medio
971 3683 1056 3730 itinere
1078 3683 1224 3747 intercepto,

158 3766 195 3821 11,
212 3765 241 3822 3,
252 3780 277 3811 n.
287 3781 316 3822 a,
329 3776 354 3812 et
361 3767 425 3824 VII,
441 3765 473 3813 35
481 3799 488 3824 ‚
498 3782 523 3812 n.
533 3781 598 3811 a.-—
607 3766 670 3812 Mar·
713 3763 826 3811 hostibus
841 3773 964 3827 praerepto
981 3773 1005 3810 et
1022 3763 1169 3822 intercluso,
1187 3765 1227 3812 vel

158 3843 210 3890 cius
223 3843 251 3888 in
260 3843 370 3891 oratione
381 3843 444 3891 dixit
457 3860 482 3890 se
497 3843 569 3891 tertio
582 3843 669 3908 vigilia
713 3843 864 3906 interrupto,
887 3840 1026 3905 impedito,
1052 3853 1080 3889 ut
1099 3844 1150 3901 tx,
1174 3844 1226 3903 433

158 3922 287 3970 ductumm
308 3923 412 3970 milites:
431 3922 475 3970 sed
487 3923 558 3986 parvi
577 3922 670 3970 scilicet
714 3920 1157 3985 XXIX,9;apudCurt.IV‚o,n.9
1178 3923 1227 3970 nisi

156 4003 266 4049 interest.
278 4003 323 4049 Eo.
714 3999 975 4047 maliseumOudend.
989 3998 1226 4061 adFr0n1,1‚5‚n.

191 4082 383 4130 Commii.
395 4095 417 4129 1.
427 4081 477 4128 Sec
488 4080 590 4130 millium
601 4080 672 4129 inter-
719 4079 849 4143 11‚legere
863 4078 990 4143 intersepta
996 4113 1004 4137 ,
1016 4090 1043 4128 ut
1049 4080 1101 4140 VI,
1111 4094 1140 4143 93
1152 4081 1225 4144 vm,

918 4190 955 4273 1
