2768 4574
154 267 217 369 3251
231 279 277 375 333:
351 286 502 353 Linea
529 285 671 352 xxvi.
694 282 799 350 car.
822 282 960 349 xiix.
1123 274 1190 346 ,ιι

128 425 185 480 tos
202 408 327 504 viginti
344 407 508 504 quinque
526 404 634 476 fuisse
653 403 836 474 inveniam
847 429 861 470 a:
877 409 979 497 aequ'e
999 415 1035 471 et
1053 399 1192 470 aliam·-

129 534 185 590 ter
202 532 366 589 auctores
384 514 599 612 discrepant.
614 512 821 586 Praesidium
836 511 1010 607 punicum
1028 507 1193 592 aliusde-

129 652 226 715 cem,
246 627 335 697 alius
353 640 512 722 septem,
532 626 622 696 alius
642 623 739 694 haud
756 622 839 720 plus
849 617 1194 718 'quam'duum-mil·

128 737 218 807 lium
231 734 340 808 fuisse
357 734 492 806 scribit.
514 740 627 833 Capta
646 731 733 804 alibi
744 732 875 803 'decem
888 729 1000 800 millia
1018 726 1193 827 capitum,

129 845 213 916 alibi
227 869 349 943 ,supra
375 846 539 941 quinque
564 859 601 916 et
624 844 750 940 viginti
769 842 949 912 invenias.
977 842 1192 939 Scorpiones

128 955 283 1049 majores
295 955 530 1050 minoresque
545 953 590 1024 ad
609 955 793 1051 sexaginta
809 962 954 1050 captos²
971 950 1194 1048 scripserim,

129 1066 158 1134 si
169 1079 353 1135 auctorem
368 1088 524 1161 graecum
539 1089 671 1161 sequar
685 1064 848 1140 Silenum
867 1091 875 1133 :
890 1065 920 1134 si
931 1062 1114 1134 Valerium
1128 1061 1197 1130 An·

129 1175 273 1261 tiatem,
296 1173 481 1268 'majorum
510 1177 744 1273 scorpionum
769 1174 986 1262 sex-millia,
1002 1173 1196 1256 'minorum

128 1284 302 1355 tredecim
324 1311 332 1354 ε
355 1285 446 1356 adeo
472 1286 595 1356 nullus
612 1285 817 1357 mentiendi
832 1281 963 1354 modus
982 1279 1058 1354 est'l
1078 1280 1197 1352 Nede

129 1394 284 1466 ducibus
311 1395 459 1492 quidem
487 1393 708 1468 convenit32
735 1396 901 1494 plerique
929 1390 1196 1490 Laelium-'prae-

128 1502 238 1575 fuisse
260 1505 385 1590 classi3
413 1521 519 1595 sunt,
546 1509 611 1603 qui
633 1511 681 1577 M.
704 1507 852 1578 Junium
877 1506 1040 1577 Silanum
1051 1503 1195 1575 dicant.

128 1616 277 1686 Arinem
290 1613 473 1714 praefuisse
489 1618 626 1714 punico
641 1616 809 1716 praesidio
822 1614 1062 1711 deditumque
1071 1612 1199 1684 Roma-

130 1727 204 1814 nis,
218 1727 344 1797 Antias
352 1726 538 1810 Valerius,
552 1731 744 1823 Magonem
757 1726 816 1796 alii
831 1728 1024 1823 scriptores
1035 1723 1196 1795 tradunt.

128 1837 212 1906 Non
228 1835 274 1907 de
295 1860 450 1907 numero
472 1837 619 1906 navium
641 1850 849 1953 captarum,
868 1860 945 1905 non
968 1833 1014 1905 de
1033 1831 1198 1957 'pondere

129 1946 208 2014 auri
224 1959 334 2042 atque
354 1946 494 2042 argenti
513 1959 549 2015 et
567 1944 720 2016 redactae
737 1945 923 2042 pecuniae,
918 1946 1148 2016 'convenitz
1169 1946 1199 2015 si

130 2055 312 2152 aliquibus
329 2057 496 2127 assentiri
516 2079 662 2133 necesse
681 2069 769 2142 est,
766 2055 897 2131 media
908 2054 1087 2126 simillima
1104 2056 1198 2125 veris

129 2162 224 2236 sunt]
237 2170 415 2237 Caeterum
424 2166 562 2263 Scipio,
577 2167 713 2238 vocatis
720 2164 910 2245 obsidibus
916 2168 942 2253 4,
951 2166 1200 2264 primum’uni·

128 2299 250 2347 versos
267 2274 410 2346 bonum
427 2277 589 2346 animum
609 2275 745 2347 habere
767 2277 884 2371 jussit.
905 2281 1053 2347 Venisse
1075 2301 1137 2348 eos
1160 2282 1198 2347 in
1266 2284 1268 2288 ‘
1348 2256 1354 2263 .

120 2384 256 2483 populi
268 2393 414 2456 romani
420 2402 657 2484 potestatem,
673 2382 740 2486 qui
752 2386 942 2493 bpneficr'O,
958 2413 1071 2485 quam
1085 2403 1197 2474 metu,

129 2495 289 2590 obligare
308 2498 474 2568 homines
493 2497 610 2585 malit,
626 2514 842 2596 exterasque
856 2514 980 2595 gentes
986 2497 1072 2595 fide
1086 2523 1130 2578 ac
1142 2500 1199 2570 so-

129 2610 254 2674 cr'etate
262 2607 413 2699 junctas
434 2608 586 2696 habere,
606 2635 721 2706 quam
732 2615 831 2680 'tristi
846 2608 1026 2705 subjectas
1042 2614 1194 2708 servitio.

129 2712 288 2801 Deinde,
308 2720 463 2814 acceptis
479 2718 691 2799 nominibus
704 2710 921 2815 civitatium,
939 2715 1121 2791 recensuit
1140 2744 1198 2791 ca-

129 2821 268 2920 ptivos,
287 2840 379 2918 quot
401 2827 577 2923 cujusque
596 2829 724 2927 populi
743 2843 885 2915 essent,
905 2843 940 2899 et
961 2831 1111 2932 nuntios
1131 2830 1199 2901 do-

130 2957 230 3004 mum
252 2934 370 3021 misit,
393 2950 434 3004 ut
454 2937 500 3006 ad
521 2961 605 3009 suos
626 2941 780 3039 quisque
801 2938 1029 3035 recipiendos
1050 2941 1197 3011 veniret.

130 3153 171 3209 x,
185 3155 225 3200 18,
238 3178 272 3188 -
284 3151 342 3198 Alia
356 3150 418 3199 inter
430 3163 541 3200 auctores
553 3153 642 3202 disere·
686 3157 752 3216 rius,
767 3155 917 3221 diligentiam
927 3154 991 3201 Livii
1004 3154 1031 3202 in
1046 3154 1197 3225 appellandis

125 3229 269 3291 pant,·vide
278 3229 340 3288 adl,
354 3230 382 3288 3,
394 3246 419 3276 ιι.
428 3233 641 3286 4.-Ρνιειίιῖὶιιιη
686 3235 716 3281 lis
733 3235 886 3293 auctoribus,
909 3249 971 3298 quos
986 3231 1087 3290 refellit,
1108 3232 1198 3296 quibus

36 3297 42 3304 ⁵
125 3307 256 3369 punicum,
269 3319 329 3368 etc.;
349 3308 406 3356 vide
419 3309 451 3358 ad
463 3327 517 3376 cap.
531 3318 640 3370 elma.
686 3312 787 3377 derogat
798 3311 887 3371 fidem,
908 3312 967 3359 dum
985 3311 1085 3377 Polybti
1106 3310 1197 3379 nomen

166 3402 190 3431 a.
204 3387 248 3432 Ad
256 3386 387 3452 sexaginta
397 3400 498 3453 captas,
518 3390 584 3453 Lips.
594 3392 640 3436 Po·
685 3392 754 3452 cujus
763 3408 776 3439 e
785 3391 852 3441 libro
859 3397 885 3441 X
892 3402 969 3440 totam
977 3391 1040 3438 hanc
1050 3402 1197 3454 expugnatas

129 3463 200 3511 Horo.
215 3466 265 3525 111,
277 3473 308 3525 4,
326 3467 390 3528 conj.
400 3468 438 3517 ad
452 3472 477 3513 V
486 3469 523 3516 vel
534 3471 574 3515 IX
586 3468 640 3517 mil·
684 3471 838 3537 Carthaginis
853 3471 932 3520 Novae
945 3470 1109 3517 narrationem
1126 3484 1197 3532 paene

130 3542 173 3589 lia.
186 3569 222 3579 —-
232 3544 363 3612 Auctorem
367 3563 476 3612 graecum
482 3547 587 3596 Silenum
594 3551 640 3600 Ca·
685 3548 716 3598 ad
725 3551 826 3598 rerbtun
836 3550 967 3614 expressit,
976 3548 1028 3596 alto
1036 3548 1134 3596 silentio
1141 3564 1197 3613 pre-

129 3620 257 3681 lafianum,
271 3624 314 3686 qui
323 3625 434 3690 alioquin
442 3642 480 3673 res
486 3627 640 3688 Hannibalis,
684 3630 800 3677 mitilln.

130 3717 236 3764 quocum
248 3701 275 3748 in
289 3704 374 3751 castris
387 3705 433 3752 furit
445 3716 469 3754 et
481 3705 552 3752 simul
565 3705 638 3765 vixit,
720 3709 744 3756 3.
755 3709 794 3756 Ne
807 3708 838 3754 de
846 3707 946 3765 ducibus
960 3705 1059 3771 quidem
1072 3706 1197 3763 convenia

130 3780 314 3844 diligentissime
331 3795 491 3848 persequutus
513 3796 562 3845 est;
583 3786 640 3834 vids
683 3786 740 3835 vide
750 3786 782 3834 ad
791 3790 818 3846 1,
832 3786 858 3844 3,
866 3801 890 3832 n.
902 3793 969 3841 4.-
977 3786 1090 3844 Arinem,
1102 3788 1128 3834 in
1138 3785 1194 3834 odd.

130 3860 182 3909 Cic.
192 3860 222 3908 de
229 3861 286 3909 Div.
294 3862 318 3921 1,
327 3870 359 3917 aa
366 3877 374 3925 ;
381 3862 479 3912 Comsl.
486 3864 550 3929 Nep.
557 3866 639 3914 Hann.
685 3877 741 3914 ante
750 3864 826 3913 Drak.
833 3865 933 3913 Annsn.
942 3866 980 3914 cf.
992 3867 1034 3914 Sil.
1043 3868 1101 3925 XV,
1111 3866 1170 3913 232.

133 3939 264 3998 133v0ss.
282 3939 339 3989 hist.
361 3957 432 4006 graec.
452 3941 496 3989 lib.
514 3946 564 4001 ΙΙΙ,
584 3960 640 4010 pag.
722 3943 996 4003 4.Vocatisobsidib1u,
1007 3940 1207 4008 stc.;eodf.Po·²'

133 4019 189 4080 189.
201 4045 235 4062 ι·-
248 4021 310 4082 Quis
320 4037 371 4068 non
384 4021 499 4080 miretur,
511 4022 545 4070 ait
553 4023 641 4071 Crsvs·
685 4025 737 4088 lyb.
747 4023 786 4081 X,
801 4024 840 4071 1⁸:
