2768 4574
189 306 311 413 liiii:
378 326 529 392 erasa
560 325 743 396 xxvnr.
771 327 874 392 car.
902 328 1006 394 xm,
1156 327 1225 398 365

164 439 423 518 extenderent5
432 445 470 512 in
484 444 627 513 sinistra
642 457 762 538 parte,
776 444 1083 538 quemadmodum
1103 472 1141 518 se
1157 464 1230 519 ten-

164 556 310 626 dentem
325 579 345 624 a
360 553 486 624 dextra
501 553 696 638 vidissent,
712 567 749 622 et
766 577 849 623 cum
868 554 1044 655 expeditis
1063 556 1226 653 peditum
1303 592 1308 611 ·

163 668 402 762 equitumque
425 667 527 761 prius
553 653 714 761 pugnam
742 679 977 734 consererent
998 690 1080 736 oum
1103 668 1228 753 hoste,

163 798 273 869 qnam
289 775 385 845 coire
403 774 498 844 inter
517 797 554 843 se
569 771 694 842 mediae
711 773 805 843 acies
823 788 990 871 possent..
1001 781 1055 846 Ita
1069 776 1226 850 diductis

164 884 335 955 cornibus
361 894 444 953 eum
466 883 577 953 ternis
598 882 761 979 peditum
780 878 1016 956 cohortibus6
1040 889 1227 985 ternisque

162 1136 194 1198 ad
216 1151 307 1198 lIbrum
329 1152 410 1207 VIII,
435 1167 488 1214 eap.
514 1152 546 1208 8,
571 1161 624 1197 not.
647 1149 686 1195 6.·
716 1150 836 1197 sinistram
856 1167 981 1199 conversa.
1004 1151 1133 1214 Utrimque
1152 1152 1230 1215 igitur

199 1230 223 1276 5.
238 1228 355 1275 Nuntium
366 1229 404 1282 ad
410 1229 445 1276 M.
454 1231 470 1277 J
471 1228 555 1276 unium
563 1228 672 1275 Silanum

162 1319 187 1354 et
195 1310 221 1354 L.
232 1307 354 1354 Marcium
364 1307 450 1365 mittit,
465 1319 493 1360 ut
503 1324 577 1354 cornu
589 1318 672 1354 extert-

162 1385 260 1443 derent,
274 1398 321 1434 etc.
335 1386 393 1433 vide
409 1385 440 1433 ad
450 1387 526 1444 VIII,
542 1401 585 1448 19,
595 1402 620 1432 n.
631 1400 671 1433 ro.

162 1465 226 1511 Mox
235 1465 259 1512 in
269 1465 391 1512 sinistram
398 1477 497 1528 partem
508 1476 566 1513 etse
577 1464 673 1512 tenden-

163 1554 210 1590 tem
223 1544 260 1590 ad
276 1544 391 1591 dextram
404 1545 515 1608 plerique
532 1545 604 1593 MSS.
620 1547 673 1594 Πα-

95 1682 97 1686 ,
162 1621 269 1692 elapsae
287 1631 323 1694 τῷ
342 1624 385 1694 μὲν
406 1619 479 1693 ‹leirfp
498 1622 544 1683 τὰς
562 1623 671 1692 σημαίας

162 1701 204 1753 καὶ
227 1703 272 1763 τὰς
296 1704 350 1764 ἴλας
376 1703 525 1772 ἐπιστρέφειν
549 1701 590 1773 itti
613 1697 671 1766 δόρυ

162 1782 319 1847 (manipulos
345 1795 369 1830 et
399 1795 489 1831 turmas
517 1783 672 1830 dextrorsum

162 1852 340 1928 convertere),
362 1870 397 1934 τῷ
414 1857 440 1912 d*
455 1863 569 1931 εὐωνύμῳ
583 1861 673 1940 τᾶγαν-

161 1941 220 2002 sie,
242 1953 288 1988 etc.
313 1941 402 2006 Polyb.
421 1943 472 1999 XI,
494 1957 543 1999 aa,
566 1943 612 1998 23,
629 1941 672 1988 ubi

162 2020 298 2082 Sebweigh.
317 2031 388 2068 notat
405 2021 473 2069 haec:
491 2042 504 2060 «ι
522 2020 672 2086 Conversio,

162 2098 193 2144 de
207 2115 254 2161 qua
266 2099 306 2146 bic
318 2100 407 2162 agitur,
419 2111 444 2146 et
454 2109 537 2147 motus
546 2098 671 2162 obliquus,

162 2176 672 2241 dequomox,pertinebantaddidueeuda

160 2257 673 2321 eornuaacieirometadfroutemaequan-

161 2336 216 2384 dam
239 2338 316 2385 fronti
339 2337 431 2395 hostis,
457 2338 527 2397 eujus
549 2337 683 2384 exercitam

160 2433 229 2479 paene
246 2416 322 2482 duplo
340 2418 418 2478 maJ'or
432 2427 501 2475 erat;
521 2417 593 2463 simul
612 2433 670 2464 vero

160 2512 191 2542 eo
208 2496 335 2553 valebant,
353 2506 381 2543 ut
399 2495 508 2560 legiones
525 2481 588 2543 rom.
601 2497 670 2561 prius

160 2575 347 2637 aggrederentur
357 2591 449 2623 cornua
460 2576 582 2631 hostium,
595 2591 671 2638 quam

160 2653 225 2698 coire
235 2653 297 2700 inter
306 2671 332 2700 se
340 2655 426 2711 mediae
434 2654 498 2701 acies
506 2666 629 2716 possent».

195 2730 220 2775 6.
237 2731 297 2776 Cum
312 2731 384 2777 ternis
392 2731 500 2794 peditum
514 2732 670 2780 cohortibus:

160 2808 236 2855 immo
257 2809 387 2872 manipulis
401 2813 410 2856 ε’
430 2825 487 2856 nam
504 2810 593 2873 Polyb.
607 2813 669 2879 τρεῖς

161 2888 262 2956 σπείρας
272 2887 350 2943 dixit,
359 2898 438 2934 ternos
447 2887 597 2951 manipulos,
611 2900 671 2952 quot

160 2967 283 3015 cohortem
307 2983 368 3012 rom.
386 2965 532 3033 conficiunt,
552 2977 577 3013 et
595 2982 671 3030 syno-

160 3064 233 3111 nyma
264 3047 286 3094 ei
318 3057 376 3093 sunt
407 3046 518 3112 σπεῖρα,
551 3044 669 3113 σημαία,

161 3131 248 3197 τάγμα
266 3140 291 3176 et
313 3123 396 3186 tribe*
412 3125 481 3188 quod
500 3125 550 3188 jam
574 3125 671 3171 monuit

160 3207 296 3269 SchweIgh.
310 3232 346 3240 —
357 3204 488 3268 Temisque
499 3204 606 3269 equiem
619 3214 669 3250 tur-

160 3285 220 3342 mis,·
230 3285 280 3332 vid.
296 3300 369 3348 supra
378 3284 411 3332 ad
421 3286 537 3342 xxvu,
550 3285 598 3341 26,
608 3298 634 3329 n.
645 3283 669 3329 5.

159 3365 228 3412 Idem
242 3365 330 3429 Polyb.
348 3381 398 3412 retu
419 3381 516 3412 omnem
535 3363 670 3410 accuratius

160 3445 277 3507 exponit,
307 3455 331 3490 et
352 3461 383 3491 ex
412 3460 442 3492 eo
469 3442 604 3505 Schweigh.
632 3439 670 3495 bis

159 3522 254 3570 verbis:
267 3525 343 3570 «Tres
356 3523 490 3587 manipuli,
511 3537 575 3568 nuru
593 3520 669 3568 hasta-

159 3613 254 3657 torum,
271 3602 331 3647 alter
349 3602 493 3665 posthunc
513 3599 669 3664 principum,

716 1229 809 1292 primos
826 1230 882 1276 illos
899 1242 948 1278 tres
962 1231 1100 1295 manipulos
1118 1247 1229 1295 sumpse·

716 1320 774 1356 runt
791 1309 965 1373 imperatores,
980 1321 1004 1357 et
1019 1309 1136 1374 progredi
1146 1311 1227 1375 jussos

715 1387 742 1433 in
748 1387 812 1434 linea
818 1389 894 1436 fronti
900 1388 1008 1436 bostium
1016 1388 1135 1452 parallela,
1146 1390 1227 1452 quoad

716 1466 1227 1530 opuseratuteomuquodquerom.comu

715 1546 858 1609 oppositum
867 1545 975 1593 hostium
983 1559 1128 1609 exaequaret,
1138 1547 1227 1596 deinde

715 1624 773 1670 hinc
791 1623 971 1683 sinistrorsum,
983 1623 1052 1671 illine
1072 1624 1226 1673 dextrorsum

716 1703 853 1767 fregerunt,
863 1702 1069 1774 πιρικὶζάσαντις,
1077 1704 1095 1751 i.
1103 1720 1125 1751 e.
1133 1721 1224 1752 novam

716 1783 902 1830 eonversIouem
918 1784 945 1829 in
964 1782 1051 1830 dextro
1067 1799 1144 1831 cornu
1166 1784 1227 1831 sini·

715 1861 979 1919 strorsum,insinistro
986 1876 1064 1908 cornu
1071 1862 1225 1910 dextrorsum

716 1939 794 1986 facere
804 1928 943 1998 jusserunt,
956 1927 1029 2002 ¹atque
1037 1941 1072 1988 ita
1080 1941 1153 1989 rectis
1162 1943 1227 1989 ordi-

716 2018 789 2065 nibus
800 2030 824 2066 et
837 2019 914 2067 citato
920 2020 1004 2084 gradu
1013 2018 1138 2068 induerem
1147 2022 1226 2068 duxe-

716 2090 780 2144 rbut.
800 2099 895 2145 Horum
910 2097 1000 2146 deinde
1013 2101 1151 2163 exemplum
1160 2134 1167 2158 ,
1177 2117 1227 2148 ser-

716 2188 771 2223 vata
792 2177 922 2225 commoda
938 2178 1049 2236 ratione,
1063 2180 1227 2242 sequebantur

716 2266 765 2304 tres
781 2268 912 2320 sequentes
925 2257 1062 2320 manipuli,
1080 2259 1098 2305 i.
1112 2275 1134 2306 e.
1152 2259 1226 2308 alteri

716 2335 818 2393 cohors,
829 2336 889 2383 etin
901 2335 988 2384 dextro
997 2352 1076 2384 cornu
1085 2337 1118 2385 ad
1125 2338 1210 2386 laevam
1219 2373 1227 2396 ,

715 2413 741 2461 in
770 2415 870 2462 sinistro
890 2414 922 2461 ad
946 2414 1057 2462 dextram
1083 2416 1157 2463 trium
1186 2434 1226 2464 sn·

714 2489 856 2556 periurum,
872 2494 939 2555 justo
962 2506 1058 2542 servato
1080 2495 1228 2552 intervallo,

713 2573 797 2620 locum
808 2584 936 2637 ceperunt3
944 2584 968 2620 et
979 2573 1014 2619 sic
1023 2589 1100 2637 porro
1110 2575 1225 2638 (sequen
1240 2578 1241 2582 ’

715 2653 777 2700 tibus
791 2653 815 2700 in
829 2653 952 2716 obliquum
963 2652 1045 2716 aliis)
1059 2655 1116 2714 Quo
1133 2654 1222 2700 factum

714 2739 764 2788 est,¹
775 2742 815 2788 ut,
831 2731 884 2776 istis
901 2729 1102 2776 conversionibus
1114 2730 1224 2778 flexioni-

714 2808 807 2870 busque
829 2807 948 2870 peractis,
970 2807 1065 2869 pedites
1083 2809 1110 2854 in
1127 2825 1226 2871 quoque

714 2902 791 2933 comu
812 2901 894 2931 rursus
909 2900 939 2932 eo
953 2885 1042 2932 ordine
1055 2898 1157 2946 starent,
1175 2903 1225 2950 quo

714 2964 783 3011 antea
799 2974 878 3010 essent
893 2963 976 3011 locati.
997 2964 1045 3011 Sed
1058 2966 1179 3028 equitum,
1200 2979 1224 3013 et

714 3042 757 3106 qui
768 3058 823 3089 cum
833 3042 873 3089 his
885 3041 1039 3106 pugnabant,
1051 3044 1153 3091 uelitum
1164 3061 1224 3091 cou-

714 3122 787 3171 traria
800 3123 862 3170 ratio
876 3132 934 3169 erat.
953 3123 987 3168 lli
1003 3123 1068 3170 enim
1086 3136 1143 3186 post
1156 3125 1226 3188 pedi-

715 3214 768 3250 tum
785 3212 851 3264 terga
874 3201 1035 3249 circumibant
1048 3203 1224 3262 (circumduce-

714 3283 775 3329 bant
785 3280 874 3346 alas),
891 3292 915 3328 et
932 3281 966 3328 ita
985 3297 1038 3328 sese
1054 3280 1184 3341 locabant,
1197 3295 1224 3331 ut

713 3361 741 3408 in
757 3361 846 3408 dextro
864 3376 942 3408 cornu
962 3361 1056 3424 priores
1068 3372 1154 3409 turmae
1169 3379 1224 3410 cnm

714 3442 763 3488 suis
781 3440 882 3487 velitum
898 3433 979 3502 globis
996 3441 1027 3487 ad
1047 3441 1175 3494 dextram,
1197 3442 1223 3489 in

713 3520 811 3581 sinistro
827 3518 859 3566 ad
874 3519 959 3566 laevam
979 3519 1090 3582 peditum
1107 3521 1224 3569 consiste-

713 3608 814 3656 rent,et
830 3609 957 3660 sequentes
974 3598 1063 3645 deinde
1073 3610 1174 3656 turmae,
1193 3611 1222 3647 ut

158 3681 243 3728 tertius
264 3680 416 3736 triariorum,
435 3681 478 3742 qui
499 3678 619 3743 manipuli
642 3679 670 3725 iu
714 3693 817 3740 quaeqne
826 3675 938 3740 proxima
951 3678 1059 3735 erat,sic
1070 3678 1102 3725 ad
1113 3679 1223 3728 dextram

158 3760 246 3807 dextro
269 3775 347 3806 cornu
368 3760 472 3807 dextimi
495 3770 624 3816 steterant,
643 3759 670 3805 iu
713 3758 845 3819 laevamque
856 3756 966 3818 priorum
978 3756 1060 3803 locum
1071 3770 1175 3822 caperet.
1192 3759 1221 3806 Id

158 3839 257 3887 sinistro
276 3855 353 3885 cornu
366 3839 496 3896 sinistimi,
515 3838 589 3886 iidem
603 3853 669 3885 nunc
713 3851 801 3900 nempe
810 3850 908 3882 necesse
917 3834 989 3881 fuisse
1000 3834 1104 3892 videtur,
1116 3837 1222 3886 utlatera

157 3917 337 3984 (conversione
347 3917 404 3964 hine
414 3916 446 3963 ad
453 3917 590 3974 sinistram,
600 3917 669 3964 illino
713 3915 825 3979 peditum
841 3915 922 3960 statim
936 3924 999 3961 tecta
1010 3926 1095 3963 essent.
1110 3919 1168 3979 Quo
1182 3917 1225 3964 lie·
1277 3904 1280 3909 ’

157 3998 188 4045 ad
212 3998 322 4044 dextram
348 3997 429 4058 sacta)
458 3997 531 4061 primi
556 3997 669 4052 stabant,
713 3993 772 4049 bat,
785 3992 932 4055 uteqnitum
944 4004 1107 4056 turmae,qute
1118 3998 1223 4044 antesin

157 4078 239 4125 lroute
261 4077 320 4124 hine
346 4076 379 4122 ad
402 4075 528 4132 dextram,
549 4075 617 4122 illinc
640 4075 670 4122 sd
715 4072 1016 4136 quoqueeornuadextra
1026 4084 1151 4132 steterant,
1159 4091 1226 4122 nune
