2768 4574
200 283 323 391 tta:
401 304 559 371 traua
591 305 754 371 xxvii.
774 304 887 386 cnr.
916 308 1003 374 ΧΠ.
1166 302 1231 375 251

173 426 307 495 tamina
323 426 481 511 serensi,
503 448 625 494 casum
638 425 813 495 universae
832 449 962 523 pugna
978 451 1054 496 non
1071 420 1237 500 necessa·
1301 498 1304 506 ⁴

173 537 268 604 rium
281 532 448 606 ducebat.
469 540 618 621 Tractus
632 549 686 606 est
700 549 822 605 tamen
836 532 881 604 ad
896 534 953 622 id,
968 534 1071 631 quod
1083 534 1236 626 vitabat,

173 663 353 720 certamen
372 673 381 717 ε
399 661 507 718 nocte
526 671 761 744 praegressum
782 647 985 742 assequitur
1007 646 1096 718 locis
1119 647 1237 744 planis

172 782 213 828 ac
231 759 438 855 patentibus
456 758 666 846 Marcellus3
686 771 800 828 castra
819 756 904 828 inde
922 772 1142 854 ponentem,
1164 784 1235 856 pu-

172 869 318 965 gnando
335 866 500 965 undique
512 869 551 936 in
565 871 787 954 munitores,
802 864 975 962 operibus
986 864 1166 963 prohibet.
1182 874 1237 939 Ita
1301 864 1303 868 ’

171 981 271 1075 signa
294 979 439 1064 collata,
463 993 737 1076 pugnatumque
764 978 849 1048 totis
876 976 1016 1073 copiis,
1040 989 1096 1062 et,
1120 1001 1236 1073 quum

168 1090 243 1184 jam
259 1115 334 1160 nox
350 1090 518 1177 instaret,
532 1103 647 1159 marte
666 1112 771 1185 aeqno
785 1087 980 1159 discessum
996 1102 1050 1158 est
1070 1114 1078 1156 ε
1101 1101 1235 1178 castra,

171 1201 301 1295 exiguo
325 1199 493 1270 distantia
512 1200 647 1296 spatio,
669 1200 800 1297 raptim
816 1213 900 1268 ante
921 1213 1068 1268 noctem
1088 1222 1235 1295 permu-

170 1311 256 1379 nita.
272 1315 419 1380 Postero
434 1308 492 1380 die
507 1309 588 1380 luce
598 1311 713 1407 prima
728 1309 918 1381 Marcellus
933 1310 972 1379 in
984 1309 1098 1379 aciem
1112 1309 1236 1405 copias

170 1418 296 1488 eduxit
309 1445 317 1488 :
330 1443 397 1491 nec
407 1417 588 1490 Hannibal
601 1419 812 1490 detrectavit
823 1418 1150 1506 certamen,multis
1162 1442 1238 1488 ver·

168 1526 225 1597 bis
247 1528 456 1599 adhortatus
474 1528 624 1616 milites,
644 1545 702 1615 ut,
725 1553 901 1599 memores
920 1534 1123 1598 Trasimeui
1139 1531 1234 1598 Cau·

168 1663 385 1735 uarumque,
400 1641 660 1711 contunderent
659 1641 844 1730 ferociam
860 1639 971 1708 hostis
986 1665 997 1707 .·
1012 1663 1163 1734 urguere
1178 1655 1235 1708 at·

167 1774 239 1845 que
256 1757 390 1847 instare
409 1776 516 1821 eum:
535 1776 608 1821 uon
628 1757 696 1820 iter
713 1752 1003 1847 quietosfaeere‚
1023 1773 1097 1818 nou
1115 1764 1234 1819 castra
1330 1735 1336 1742 ¹

159 1883 301 1954 ponere
310 1867 406 1957 pati,
429 1885 502 1930 non
525 1867 702 1958 respirare
720 1876 788 1930 aut
803 1865 1074 1957 circumspicere
1089 1886 1100 1927 .·
1117 1865 1235 1956 quoti-

167 1968 226 2036 die
242 1969 355 2038 simul
368 1976 539 2039 orientem
553 1969 666 2041 solem
681 1987 718 2040 et
728 1995 921 2042 romanam
941 1976 1058 2040 aciem
1077 1975 1115 2038 iu
1133 1994 1234 2039 cam·

157 2081 222 2172 pis
247 2077 446 2147 videndam
474 2103 558 2148 esse.
584 2083 625 2149 Si
647 2104 720 2148 uuo
737 2079 875 2176 praelio
900 2079 1006 2149 haud
1028 2085 1234 2151 incruentus

165 2186 284 2274 abeat,
295 2192 449 2284 quietius
457 2189 589 2258 deinde
599 2187 898 2284 tranquilliusque
910 2212 993 2257 eum
1003 2183 1231 2258 bellaturum.

164 2297 227 2365 His
251 2297 380 2367 irritati
405 2295 719 2370 adhortationibus
747 2297 928 2393 simulque
956 2296 1064 2367 taedio
1091 2294 1233 2368 ferociae

164 2405 323 2478 hostium
341 2407 505 2506 quotidie
521 2408 734 2478 instantium
755 2406 1083 2503 lacessentiumque
1101 2410 1232 2492 acriter

164 2517 325 2612 praelium
344 2520 485 2591 ineunt.
504 2523 707 2615 Pugnatum
722 2517 877 2615 amplius
892 2514 1034 2587 duabus
1049 2516 1149 2587 horis
1163 2533 1228 2588 est.

165 2627 302 2697 Cedere
323 2630 408 2699 inde
425 2627 470 2699 ab
488 2630 665 2700 Romanis
679 2627 806 2699 dextra
824 2627 881 2699 ala
901 2640 938 2698 et
958 2627 1231 2699 extraordinarii

163 2733 329 2830 coepere⁵
343 2763 351 2804 :
367 2737 468 2832 quod
487 2736 552 2807 ubi
568 2738 758 2839 Marcellus
775 2736 885 2824 vidit,
900 2736 1228 2812 duodevicesimam

162 2842 343 2942 legionem
364 2848 402 2914 in
425 2848 579 2943 primam
595 2844 708 2920 aciem
727 2845 876 2917 inducit.
902 2851 1000 2916 Dum
1022 2848 1083 2917 alii
1097 2849 1231 2947 trepidi

163 2955 318 3041 cedunt,
338 2955 397 3025 alii
418 2958 574 3054 segniter
591 2958 771 3046 subeunt,
789 2956 935 3029 turbata
949 2970 1027 3026 tota
1045 2958 1138 3027 acies
1152 2972 1226 3046 est,

162 3066 247 3137 dein
264 3090 412 3163 prorsus
429 3064 527 3153 fusa3
542 3081 596 3155 et,
610 3069 778 3138 vincente
795 3066 975 3166 pudorem
993 3081 1110 3154 metu,
1128 3082 1230 3165 terga

163 3177 309 3249 dabant.
332 3178 503 3254 Cecidere
527 3179 566 3248 in
585 3203 709 3276 pugna
726 3176 886 3275 fugaque
905 3175 950 3248 ad
969 3177 1044 3247 duo
1062 3176 1174 3251 millia
1191 3192 1228 3250 et

71 3437 72 3441 ,
159 3402 252 3465 Opusc.
263 3403 340 3453 Acad.
350 3415 412 3453 tom.
422 3405 459 3460 ΙΙ,
469 3417 525 3467 pag.
534 3404 598 3461 203,
608 3410 668 3458 aot.
714 3403 772 3461 viri,
786 3419 848 3466 quos
867 3401 1079 3451 extraordinarios
1094 3400 1223 3451 vocabant.

195 3489 219 3536 4.
232 3483 305 3530 Leria
316 3482 450 3531 certamina
459 3497 553 3539 serena·
570 3482 626 3531 vide
638 3481 669 3529 ad
713 3482 751 3529 Ex
759 3483 883 3546 equitibus
896 3499 951 3548 pers
961 3481 1045 3541 tertia,
1058 3498 1090 3532 ex
1100 3480 1226 3548 peditibus

159 3558 199 3616 ΙΙ,
216 3573 243 3617 1,
260 3577 286 3607 n.
299 3562 324 3608 6.
342 3589 376 3598 -
397 3562 484 3609 Casum
499 3560 667 3625 teniversoepu-
713 3556 798 3624 quinta
808 3562 961 3618 sumebatur,
973 3572 1001 3608 ut
1015 3570 1086 3607 notat
1098 3553 1226 3608 Crevedus

155 3653 231 3700 gum
240 3638 297 3685 vide
309 3639 341 3686 ad
351 3642 377 3698 1,
394 3642 438 3698 38,
451 3657 476 3688 n.
486 3658 512 3689 2.
711 3655 724 3685 e
741 3641 829 3704 Polyb.
846 3641 890 3688 lib.
898 3642 947 3697 VI,
965 3655 1037 3701 wem
1052 3639 1226 3701 interpretatur

195 3716 220 3765 5.
235 3715 323 3765 Cedere
334 3717 391 3766 inde
403 3720 436 3766 ab
448 3719 564 3767 Romanis
577 3719 667 3766 dextra
711 3719 777 3783 Lips.
788 3721 821 3768 de
831 3720 886 3770 Mil.
901 3722 974 3769 Rom.
988 3720 1026 3776 11,
1041 3733 1063 3778 7.
1083 3717 1183 3781 Reliqui
1197 3718 1224 3765 in

157 3795 202 3842 ala
212 3806 238 3842 ee
246 3796 439 3847 extraordinarii
449 3814 485 3855 c.,·
498 3814 523 3848 v.
534 3798 566 3846 ad
575 3801 626 3858 111,
640 3798 665 3856 5,
710 3797 770 3851 duas
781 3799 844 3857 alas,
859 3798 970 3847 dextram
979 3808 1004 3845 et
1013 3796 1149 3856 sinistram,
1158 3795 1224 3844 divi·

158 3891 182 3923 n.
195 3876 223 3935 33
238 3875 321 3932 XXV,
334 3891 377 3933 Ἅι,
387 3892 412 3924 n.
422 3883 452 3935 6,
462 3889 487 3926 et
497 3895 552 3942 sup.
561 3877 593 3925 ad
603 3894 625 3926 c.
636 3877 664 3934 5,
710 3875 837 3925 debentur.
847 3879 922 3925 Erant
930 3877 1005 3940 igitur
1014 3874 1095 3928 alares
1106 3887 1130 3925 et
1139 3887 1224 3925 emm·

107 3957 110 3964 '
157 3970 181 4001 n.
194 3962 218 4008 4.
234 3983 270 3990 -
285 3956 323 4003 Ex
332 3954 400 4003 omui
408 3956 493 4004 sociali
502 3957 610 4006 exercitu
620 3956 664 4004 eli·
709 3957 843 4014 ordiaarit',
861 3969 914 4005 tum
931 3954 1038 4020 equites,
1052 3966 1103 4004 uim
1116 3955 1220 4018 pedites.

115 4080 117 4088 .
156 4035 276 4098 gehautur
294 4033 421 4085 tortissimi
441 4045 466 4083 et
486 4035 663 4101 promptissimi
707 4037 755 4084 Hic
768 4036 799 4085 de
814 4036 937 4100 peditibus
953 4050 1037 4087 metuo,
1047 4045 1092 4085 est.
1106 4036 1150 4084 Eu.
