2768 4574
181 300 306 407 θῑὲῑςξξς
374 321 524 388 crum
555 321 698 388 xxvi
727 321 831 389 mr.
858 323 998 390 xxxi.
1153 347 1217 418 177

155 475 172 509 α
187 458 291 530 runt,
309 440 439 511 urbem
453 464 494 510 ac
506 443 639 512 moenia
654 441 877 528 clauserunt,
895 445 1128 542 exercituque
1139 450 1224 516 Car·

157 585 174 620 «
187 553 466 650 thaginiensium
481 552 650 623 adversus
667 577 734 622 nos
753 554 860 623 tutati
877 568 982 641 sunt3
1001 557 1082 651 quis
1101 581 1224 654 passos

158 697 176 732 «
189 681 265 739 'esse
285 663 446 747 hostilia,
466 687 581 759 quum
600 660 769 750 fecerint,
787 662 1225 760 indignaturlTradentes

157 776 319 848 «urbem
352 776 533 872 principes
563 778 867 869 Syracusanorum
900 789 1081 847 aversatus
1112 803 1222 848 sum:

157 912 175 952 ·«
188 889 305 960 Sosim
321 900 357 956 et
375 886 549 956 Mericum
565 883 776 982 hispanum,
796 882 930 981 quibus
945 899 1087 956 tantum
1100 889 1225 960 crede-

158 1031 176 1066 «
189 1024 288 1086 rem,
304 997 465 1094 potiores
484 993 595 1065 habui
607 991 634 1063 ³.
657 998 739 1064 Non
760 997 844 1066 estis
863 999 1016 1066 extremi
1037 1002 1228 1094 Syracusa·

159 1141 176 1176 ιι
191 1133 340 1194 norum,
359 1107 495 1203 quippe
511 1107 574 1202 qui
589 1104 664 1175 aliis
679 1106 917 1178 humilitatem
934 1107 1124 1203 objiciatis.
1138 1112 1229 1203 Quis

162 1251 178 1284 «
192 1235 245 1291 est
264 1232 445 1304 vestrum,
463 1217 527 1312 qui
545 1239 582 1286 se
600 1214 689 1285 mibi
706 1233 827 1314 portas
842 1234 1072 1315 aperturum,
1090 1225 1152 1317 qui
1173 1249 1230 1292 ar-

160 1360 178 1394 «
192 1344 308 1399 matos
318 1328 449 1401 milites
459 1351 560 1397 meos
569 1327 607 1395 in
620 1325 748 1396 urbem
761 1342 993 1424 accepturum
1004 1331 1232 1425 promiserit?

160 1470 180 1504 ιι
195 1437 327 1513 Odistis
344 1452 380 1508 et
398 1436 633 1507 exsecramini
654 1462 737 1523 eos,
762 1438 824 1532 qui
847 1436 1030 1526 fecerunt;
1054 1456 1090 1511 et
1107 1467 1153 1512 ne
1172 1441 1232 1511 hic

161 1580 180 1621 ,«
195 1549 342 1647 quidem
358 1546 608 1620 contumeliis
600 1573 644 1655 m·
655 1571 718 1617 eos
733 1545 895 1617 dicendis
908 1551 1073 1645 parcitis:
1088 1564 1232 1620 tantum

163 1659 312 1748 «abest,
329 1673 370 1730 ut
393 1673 428 1729 et
445 1659 513 1755 ipsi
504 1658 600 1728 tale
617 1656 817 1753 quidquam
833 1655 963 1728 facturi
980 1657 1132 1729 fueritis
1152 1664 1234 1756 Ipsa
1331 1666 1336 1681 “

159 1802 181 1839 r
195 1772 378 1844 humilitas
398 1794 546 1853 eorum,
565 1773 685 1839 Patres
704 1769 916 1866 conscripti,
936 1784 1046 1865 quam
1063 1771 1122 1840 isti
1140 1769 1233 1865 obji-

162 1886 314 1971 «ciunt,
329 1882 488 1951 maximo
503 1892 716 1977 argumento
728 1895 799 1968 est,
814 1904 872 1950 me
886 1881 1084 1962 neminem,
1100 1882 1164 1976 qui
1176 1906 1235 1950 na-

165 2023 181 2058 «
194 2008 313 2064 vatam
335 2016 481 2089 operam
505 1989 712 2087 reipublicae
734 2005 864 2080 nostra
885 1991 1008 2078 velim,
1032 2006 1235 2062 aversatum

164 2135 182 2191 n
195 2130 283 2176 esse.
296 2108 339 2174 Et
353 2116 436 2174 ante
446 2127 555 2199 quam
569 2101 774 2172 obsiderem
787 2106 990 2197 Syracusas,
1000 2127 1099 2172 nunc
1109 2104 1235 2202 legatis

164 2245 182 2280 α
195 2212 397 2301 mittendis,
416 2237 516 2283 nunc
537 2210 583 2281 ad
603 2209 829 2308 colloquium
853 2213 995 2299 eund0,
1014 2217 1148 2285 tentavi
1169 2241 1234 2313 pa·

162 2357 182 2392 «
195 2351 274 2398 cem
282 2351 295 2414 3,
304 2338 355 2413 et,
367 2337 560 2421 postquam
571 2347 692 2418 neque
703 2323 838 2421 legatos
848 2324 1006 2393 violandi
1015 2327 1234 2397 verecundia

152 2459 182 2502 ⁴«
197 2452 289 2524 erat,
303 2457 371 2509 nec
383 2435 472 2508 mihi
487 2435 555 2532 ipsi
571 2459 763 2531 congresso
776 2434 821 2505 ad
835 2452 958 2532 portas
971 2462 1055 2506 cum
1066 2439 1236 2535 principia

166 2577 183 2611 «
196 2546 266 2618 bus
280 2571 495 2643 responsum
505 2534 670 2631 dabatur,
683 2544 808 2615 multis
824 2560 916 2616 terra
927 2547 1091 2642 marique
1101 2547 1235 2617 exhau-

165 2658 259 2726 «stis
274 2655 476 2742 laboribus,
491 2655 639 2725 tandem
649 2656 682 2723 vi
697 2669 807 2749 atque
819 2654 926 2723 armis
935 2660 1126 2750 Syracusas
1139 2661 1230 2755 cepi.

166 2794 184 2829 α
198 2766 288 2853 Quae
301 2766 415 2860 captis
431 2763 645 2849 acciderint,
661 2763 758 2860 apud
775 2763 1013 2835 Hannibalem
1030 2781 1066 2836 et
1083 2768 1232 2838 Cartha·

167 2905 183 2939 «
197 2875 377 2972 ginienses
391 2873 577 2967 victosque
588 2868 603 2914 5
612 2872 761 2966 justius,
775 2896 886 2968 quam
900 2873 998 2970 apud
1011 2877 1157 2947 victoris
1170 2903 1235 2974 po-

166 3015 183 3050 «
197 2984 276 3083 puli
294 2997 458 3054 senatum
482 2996 732 3076 quererentur.
757 2987 853 3081 Ego,
876 2989 997 3056 Patres
1018 2990 1233 3086 conscripti,

95 3202 98 3210 '
168 3201 265 3250 Ruben.
281 3197 415 3262 adportas
427 3194 467 3241 vel
482 3193 595 3256 inportu
612 3193 679 3256 lega·
723 3207 777 3244 rent
785 3197 880 3245 nomini
889 3214 991 3247 romono
999 3200 1177 3250 infestissimos.
1187 3205 1233 3251 En.

169 3293 214 3338 tos,
223 3292 269 3328 etc.
278 3296 309 3326 ex
318 3277 415 3334 XXIV,
428 3277 469 3323 33.
476 3270 679 3334 -Exercitnqne
722 3303 758 3311 -
769 3277 847 3337 Quum
849 3277 969 3341 fecerint,
981 3296 1014 3327 se.
1025 3280 1132 3328 hostilia.

170 3359 196 3408 C.
214 3359 288 3406 tutati
303 3369 359 3405 sunt
376 3356 485 3421 passive;
500 3350 679 3414 exercitumque
760 3355 784 3402 3.
798 3356 930 3404 Prudenter
940 3358 1021 3405 urbem
1025 3359 1187 3423 principes...
1190 3377 1238 3424 po·

169 3439 226 3487 edd.
239 3439 423 3486 ante·G1·0nov.
439 3461 474 3471 -
491 3430 678 3493 Non¹equidem
724 3432 796 3480 tiores
811 3433 898 3491 habui,
913 3436 940 3482 id
951 3453 965 3483 a
976 3437 1061 3500 legatis
1074 3439 1096 3485 ci
1111 3429 1235 3498 objectum

168 3518 241 3565 video
253 3534 297 3564 cur
306 3516 397 3563 clariss.
407 3512 507 3579 Ruperti
514 3512 546 3558 ad
556 3511 680 3574 passivum
722 3525 775 3561 erat
787 3523 811 3560 et
824 3531 883 3561 mox
894 3516 1020 3563 refellitur.
1028 3538 1062 3554 ⁶-
1069 3519 1183 3566 Extremi
1192 3522 1235 3582 Sy.

170 3597 312 3659 detorqueat
323 3594 426 3643 verbum
438 3592 513 3640 tutati
522 3601 591 3647 sunt,·
605 3590 680 3636 immo
724 3608 817 3649 rarus„
829 3593 972 3653 humillimi,
986 3595 1071 3643 infimo
1082 3597 1140 3647 loco
1151 3602 1210 3647 nati.

169 3677 248 3724 active
257 3674 379 3737 intelligo,
390 3689 441 3736 quo
451 3672 528 3731 major
537 3670 630 3716 oriatur
642 3669 680 3714 in·
761 3672 784 3719 4.
799 3664 847 3725 Qui
856 3677 973 3712 navatam
985 3683 1085 3730 operam
1091 3702 1151 3716 .....
1157 3673 1232 3729 velit,

170 3756 236 3804 vidia
251 3755 277 3800 in
292 3755 469 3816 Syracusanos,
483 3750 590 3812 quinon
604 3747 680 3795 modo
723 3744 799 3791 immo
812 3745 900 3802 vellen
913 3746 991 3794 Gron.

170 3834 263 3882 defensi
276 3843 333 3880 sunt
347 3832 377 3879 ab
388 3831 496 3877 exercitu
509 3827 592 3876 Carth.
600 3827 680 3891 (quod
760 3823 784 3870 52
801 3822 1011 3888 Carthaginienses
1023 3826 1148 3892 victosque
1155 3847 1165 3886 ‚·
1177 3831 1234 3878 ride

170 3927 195 3963 et
209 3914 293 3962 irivitis
304 3912 414 3959 accidere
428 3907 579 3973 potuisset),¹
595 3921 681 3953 verum
725 3903 864 3961 ad11‚t2‚
879 3920 904 3951 n.
916 3921 940 3964 7.
955 3905 1035 3952 Victos
1043 3909 1115 3955 revel
1123 3925 1173 3957 sese
1182 3896 1235 3974 qui-

170 3995 253 4041 nrbem
263 4009 295 4040 ac
307 3991 396 4038 moenia
408 3989 455 4052 ipsi
466 3985 626 4034 defenderunt
637 3988 681 4048 'pru
725 3982 780 4030 dam
797 3983 868 4028 MSS.
887 3983 967 4031 Victor
981 4001 1060 4044 recum
1076 3989 1143 4050 conj.
1155 3993 1233 4038 Gron.

170 4069 305 4121 exercitum
311 4064 681 4133 Carthaginiensium‚quosrci·
728 4061 809 4108 Victos
821 4062 901 4125 simpl.
913 4064 1030 4128 Dorring.
1043 4082 1074 4113 ex
1088 4067 1195 4116 colbert,
1212 4086 1233 4115 r«.

296 4153 351 4227 Vs
588 4211 590 4216 .
1023 4176 1062 4220 to.
1135 4201 1137 4205 «
