2768 4574
1096 289 1121 327 Α.
1135 289 1158 327 C·
1174 300 1217 327 ιιο.

190 310 256 381 160
607 309 645 375 T.
678 307 818 375 LIVll
1096 348 1219 396 Mu,

184 431 283 500 risse.
304 433 354 500 Ea
371 427 534 524 prodigia
552 426 676 517 hostiis
692 426 888 522 majoribus
907 444 992 501 sunt
1010 433 1245 526 procurant,

185 555 222 610 et
241 539 441 611 obsecratio
455 540 492 608 in
506 560 621 606 unum
636 536 731 607 diem
748 539 887 635 populo
903 538 1035 609 indicta
1048 553 1084 609 et
1096 563 1246 610 novem-

185 648 277 720 diale
296 675 447 722 sacrum.
468 645 680 719 Sacerdotes
697 645 833 743 publici
850 649 987 745 aliquot
1006 673 1050 718 eo
1068 672 1166 719 anno
1181 646 1247 719 de-

185 763 319 832 mortui
341 774 425 831 sunt
449 758 608 854 novique
635 754 805 827 suffecti:
828 759 867 829 in
891 759 1011 828 locum
1035 756 1093 827 Μ’.
1115 756 1248 829 AEmilii

185 871 348 944 Numidae
365 868 559 941 decemviri
574 892 756 937 sacrorum
774 873 822 940 Μ.
838 869 998 940 AEmilius
1015 867 1190 965 Lepidus;
1207 869 1248 937 in

185 982 305 1052 locum
322 981 378 1050 Μ’.
399 979 589 1076 Pomponii
604 976 785 1064 Mathonis
803 976 983 1076 pontificis
999 982 1036 1049 C.
1048 978 1189 1065 Livius;
1206 978 1247 1047 in

184 1090 305 1161 locum
316 1094 374 1187 Sp.
386 1087 529 1159 Carvilii
544 1088 691 1157 Maximi
702 1091 908 1185 augurisM.
921 1088 1099 1160 Servilius.
1114 1092 1153 1156 T.
1166 1091 1250 1159 Ota-

186 1202 287 1272 cilius
295 1196 616 1295 Crassuspontifex
624 1198 710 1294 quia
720 1213 845 1270 exacto
855 1225 952 1271 anno
960 1214 1124 1270 mortuus
1133 1214 1210 1270 erat
1218 1196 1248 1284 ⁵,

185 1310 268 1381 ideo
277 1309 478 1380 nominatio
489 1308 527 1377 in
542 1307 662 1378 locum
671 1309 747 1403 ejus
756 1334 833 1379 non
842 1325 894 1381 est
907 1309 1009 1381 facta.
1026 1313 1063 1380 C.
1073 1308 1249 1381 Claudius

185 1421 316 1492 flamen
336 1419 456 1508 dialis,
476 1416 577 1515 quod
596 1432 676 1488 exta
693 1443 881 1516 perperam
900 1418 1067 1506 dederat,
1085 1411 1254 1490 flaminio

185 1528 284 1602 abiit.

234 1643 361 1711 XXIV.
382 1643 449 1709 Per
463 1637 559 1709 idem
572 1651 716 1735 tempus
736 1643 784 1708 Μ.
795 1637 957 1708 Valerius
973 1640 1152 1734 Laevinuq,
1170 1653 1252 1710 ten-

186 1750 268 1820 tatis
291 1751 390 1846 prius
413 1772 478 1844 per
502 1761 639 1817 secreta
657 1746 838 1842 colloquia
856 1749 1062 1845 principum
1080 1748 1208 1819 animis
1222 1759 1254 1839 ¹,
1309 1764 1312 1771 '

187 1860 232 1932 ad
251 1861 424 1930 indictum
449 1871 532 1927 ante
554 1854 600 1925 ad
625 1855 663 1925 id
686 1858 804 1953 ipsum
828 1856 1021 1927 concilium
1045 1856 1254 1928 AEtolorum

188 1972 298 2042 classe
321 1966 488 2064 expedita
506 1966 613 2036 venit.
634 1964 706 2036 Ubi
726 1991 840 2062 quum
861 1973 1049 2062 Syracusas
1070 1971 1252 2064 Capuam-

187 2106 260 2178 que
274 2093 394 2175 captas
404 2087 432 2162 ²,
443 2077 481 2145 in
496 2074 605 2145 fidem
621 2079 660 2146 in
671 2077 788 2148 Sicilia
801 2078 973 2176 Italiaque
982 2102 1103 2148 rerum
1117 2102 1254 2149 secun·

225 2322 248 2371 t.
265 2311 457 2378 Eaprodtgrial.
468 2328 499 2360 m.
515 2328 534 2358 s.
544 2323 682 2376 procurata
686 2331 697 2370 ,·
742 2312 783 2360 oui
793 2312 878 2361 idibus
890 2307 999 2374 cujusvii
1009 2313 1098 2362 mensis
1113 2325 1139 2362 et
1149 2315 1182 2361 V.
1198 2313 1251 2365 hl.

189 2393 326 2450 videadl,
343 2408 390 2450 ao,
404 2408 429 2438 ιι.
446 2406 485 2438 ιι.
497 2417 531 2427 -
543 2392 698 2449 Obsecrati05
738 2391 785 2452 jul.
805 2390 939 2446 sacrificare
952 2394 1055 2442 solebat.
1073 2421 1108 2429 —-
1128 2391 1253 2441 Flaminio

189 2473 246 2521 vide
255 2472 287 2519 ad
299 2473 351 2528 III,
366 2471 411 2528 63,
424 2487 449 2518 ιι.
461 2485 485 2516 a.
493 2497 529 2506 -
540 2469 699 2518 Novemdiale
742 2471 804 2519 attic
816 2489 826 2518 .·
840 2472 937 2521 decreto
955 2472 1114 2538 pontificum,
1126 2472 1170 2536 qui
1184 2488 1253 2520 cere·

189 2569 302 2607 samum,-
312 2549 369 2597 vide
383 2549 415 2596 ad
427 2551 452 2607 I,
469 2551 498 2596 31
508 2585 515 2608 ,
527 2566 552 2595 ιι.
566 2550 589 2596 3.
601 2577 637 2586 -
654 2551 699 2596 Sa·
741 2551 879 2598 martiarum
885 2551 1257 2617 sacrorumquejudicesecvin-

189 2627 396 2694 cerdotespublt'ci
404 2627 506 2692 aliquot.
520 2631 550 2674 In
562 2629 624 2675 MSS
635 2644 698 2675 non-

189 2706 698 2773 nullislegereestaliquanti,quodLipsius

190 2791 304 2840 acerrime
313 2799 464 2856 propugnat,
481 2787 579 2849 quiasie
587 2787 698 2844 Plautus,

190 2868 317 2919 Sallustius
322 2867 411 2929 aliique
416 2865 558 2928 loquuntur.
567 2867 604 2912 Ita
610 2876 635 2912 et
643 2867 700 2913 Μο-

190 2949 244 2997 dius
256 2946 356 3011 recepit.
371 2944 419 2992 Sed
431 2946 456 2992 J.
468 2947 507 2992 Fr.
519 2945 647 2992 Gronovio
656 2944 698 2991 du·

191 3045 231 3086 ce,
248 3024 371 3074 Drakenb.
383 3022 544 3086 plurimorum
555 3034 580 3070 et
592 3023 698 3087 optimo-

190 3124 244 3154 rum
255 3104 328 3153 codd.
339 3103 508 3165 auctoritntem
517 3103 633 3166 sequitur.
640 3102 699 3150 Non

191 3187 255 3234 enim
264 3182 371 3245 ,inquit,
385 3180 477 3229 suffieit
485 3181 622 3239 monuisse,
632 3181 700 3228 Plau-

191 3277 256 3323 tum,
267 3263 406 3311 Sallustium
418 3273 443 3309 et
451 3262 512 3308 alios
518 3261 552 3308 ita
565 3261 649 3324 loqui,
659 3278 699 3308 ve-

192 3361 246 3392 rum
251 3341 346 3390 Livium
357 3342 391 3391 ita
402 3342 530 3404 loquutum
544 3356 608 3399 esse,
621 3351 699 3388 osten-

192 3423 300 3472 dendum
313 3433 371 3469 erat.
382 3423 428 3470 En.

228 3504 252 3552 5.
264 3501 328 3564 Quia
339 3512 427 3548 exacto
442 3515 507 3546 anno
519 3510 697 3556 mortutuerat,

192 3594 251 3640 ete,
264 3592 345 3628 utrum
356 3580 383 3627 in
391 3596 419 3627 ea
430 3595 456 3626 re
465 3577 550 3642 religio
562 3579 641 3642 aliqua
647 3581 698 3627 fue-

192 3662 238 3721 rit,
252 3678 283 3708 an
295 3661 323 3708 id
337 3660 370 3707 ob
384 3660 455 3707 aliam
468 3675 564 3707 oausam
577 3658 631 3707 fieri
648 3675 700 3707 non

193 3742 293 3798 soleret,
302 3756 422 3804 nusquam
431 3739 529 3798 inveni3
543 3736 608 3808 Duk.
621 3740 699 3785 Immo
716 3781 718 3785 .

191 3819 326 3869 nominatio
345 3819 489 3866 successoris
508 3834 557 3865 nort
579 3828 614 3863 est
624 3816 700 3882 facta

191 3901 240 3948 hoc
255 3915 334 3958 anno,
347 3898 406 3962 quia
416 3909 518 3955 exacto,
533 3908 578 3945 etc.
591 3896 657 3943 Hine
666 3895 701 3942 di·

192 3981 260 4028 lato:
274 3994 319 4025 nec
332 3977 429 4025 mirum.
444 4005 479 4013 -
496 3975 568 4038 Quod
576 3985 635 4021 eata
642 3989 700 4038 per·

188 4075 288 4124 peram,
301 4057 422 4114 nonme,
433 4055 550 4112 dederat,
562 4053 614 4102 scil.
626 4053 700 4113 Jovi,

743 2629 809 2676 dices
821 2642 902 2688 erant,
925 2643 966 2679 aut
985 2629 1109 2696 pontilicis
1122 2647 1187 2679 max
1208 2629 1254 2678 de-

742 2719 829 2768 creto,
854 2709 894 2756 cui
920 2711 1001 2758 omnia
1025 2727 1092 2758 sacra
1115 2709 1255 2770 subjecerat

742 2787 822 2836 Numa
841 2787 915 2851 (vide
929 2791 956 2847 I,
971 2787 1032 2852 ao),
1058 2789 1146 2852 cuique
1165 2804 1260 2854 parere

743 2866 882 2914 sacerdotes
900 2884 914 2914 a
933 2869 1028 2933 populo
1049 2879 1147 2916 coactos
1163 2867 1256 2928 tuisse,

743 2946 838 3008 aliquot
846 2946 908 2993 locis
916 2958 997 2995 narrat
1003 2946 1170 3005 Livius;Duk.
1177 2947 1254 2996 Cous.

743 3025 835 3072 Gruch.
845 3024 875 3071 de
883 3037 931 3073 vet.
938 3027 954 3074 J
955 3043 991 3074 ur.
998 3037 1069 3090 pont.
1076 3028 1113 3084 Il,
1127 3040 1155 3072 11
1164 3042 1171 3086 ;
1183 3027 1256 3075 Serv.

742 3104 848 3169 adVirg.
860 3106 891 3152 G.
901 3107 939 3164 I·I‚
952 3113 1013 3169 1943
1027 3105 1170 3170 Intpp.Val.
1182 3107 1256 3155 Max.

743 3186 768 3242 Ι,
785 3200 808 3243 ι,
819 3201 844 3231 ιι.
855 3193 880 3240 4.

779 3268 840 3315 Car.
849 3266 944 3312 xxtv.
958 3281 979 3312 1.
994 3265 1101 3314 Tentata
1105 3265 1176 3330 prius
1181 3265 1258 3331 prin-

743 3342 823 3408 cipum
832 3343 934 3399 aaimis;
948 3344 1110 3404 viderunt,
1126 3345 1172 3405 35,
1190 3361 1219 3395 ιι.
1233 3363 1259 3397 1.

743 3450 777 3459 —
789 3423 869 3470 Classe
878 3423 1007 3487 expedita3
1021 3424 1078 3472 vide
1088 3424 1141 3472 adl
1148 3459 1156 3484 ,
1169 3433 1217 3484 14,
1229 3443 1260 3476 n.

744 3509 808 3560 μοι
818 3504 850 3562 V,
863 3504 910 3561 ι6,
922 3520 947 3550 ιι.
959 3520 984 3550 a.

780 3598 805 3629 a.
819 3581 865 3630 Ubi
873 3599 947 3646 quam
954 3585 1085 3646 Syracusas
1096 3582 1261 3649 Capuamque

743 3672 830 3723 captas
842 3677 894 3708 esse
910 3661 1023 3727 (captam
1032 3663 1078 3711 MS
1090 3663 1144 3709 Put.
1161 3663 1267 3714 atinde·

744 3737 835 3804 Drak.)
851 3751 1004 3798 ostentasset,
1017 3752 1188 3802 memorasset,
1211 3741 1264 3792 do·

744 3817 833 3865 cuisset
845 3817 889 3882 (ut
898 3820 989 3883 passim
999 3831 1120 3868 ostentare
1132 3830 1159 3868 et
1175 3832 1264 3872 osten*

745 3896 820 3944 dere.-
833 3898 919 3945 confer
929 3899 961 3946 ad
971 3901 1056 3960 XXV,
1071 3913 1112 3961 17,
1123 3915 1148 3946 a.
1164 3899 1211 3966 1),
1226 3904 1263 3952 si-

744 3975 843 4040 mulque
852 3978 977 4038 iterasset,
997 3978 1021 4026 in
1028 3979 1109 4048 fidem
1125 3994 1210 4028 rerum
1223 3999 1268 4043 s..,·.

744 4066 773 4104 ut
781 4055 811 4104 iis
819 4054 895 4105 fidem·
903 4057 1004 4122 faceret,
1014 4057 1072 4106 vide
1082 4057 1114 4106 ad
1124 4059 1205 4122 tm,
1219 4064 1272 4125 1³,
