2768 4574
185 333 255 413 nol}
607 333 644 398 Τ.
679 333 819 399 LIVII

184 466 251 522 «et
267 451 368 522 bono
388 452 509 521 animo
528 466 761 522 transeamus.
777 481 794 516 »
814 455 1010 548 Quumque
1029 475 1156 522 omnes
1177 478 1256 522 una

105 633 112 647 ,
182 589 289 648 voce,
304 562 612 654 hocfeciendum,
629 563 906 647 succlamarent,
922 587 985 634 eos
996 561 1255 659 Carthaginem

184 675 287 746 duxit
305 703 312 743 :
331 689 410 744 tum
429 689 525 745 terra
543 676 706 771 marique
724 698 803 745 eam
821 674 1023 771 oppugnari
1040 671 1156 767 jubet.

225 786 356 855 XLIV.
382 787 517 854 Contra
540 789 646 882 Mago
671 790 868 856 Poenorum
894 785 991 872 dux,
1018 808 1134 880 quum
1154 798 1256 855 terra

182 897 346 992 marique
369 897 499 966 instrui
517 897 828 994 oppugnationem
850 895 1010 983 videret,
1032 909 1068 966 et
1089 896 1167 992 ipse
1186 920 1255 986 co-

184 1008 261 1104 pias
274 1008 323 1076 ita
332 1005 505 1104 disponit.
518 1007 793 1104 Oppidanorum
805 1006 879 1077 duo
891 1007 1002 1077 millia
1015 1004 1060 1077 ab
1073 1030 1116 1076 ea
1128 1020 1254 1103 parte,

185 1142 255 1214 qua
274 1132 388 1188 castra
407 1141 559 1189 romana
579 1132 702 1206 erant,
726 1119 881 1216 opponit
901 1145 908 1187 :
928 1117 1136 1215 quingentis
1154 1118 1255 1186 mili-

182 1227 281 1298 tibus
306 1253 425 1299 arcem
451 1227 606 1300 insedit1
635 1256 643 1298 :
668 1231 888 1326 quingentos
913 1229 1055 1299 tumulo
1083 1225 1186 1298 urbis
1214 1230 1255 1298 in

183 1341 362 1410 orientem
388 1364 494 1410 verso
517 1340 703 1438 imponit:
728 1339 996 1429 multitudinem
1025 1339 1150 1428 alim,
1174 1365 1255 1436 quo

182 1451 339 1536 clamor,
360 1475 433 1547 quo
453 1449 572 1520 subita
591 1465 753 1522 vocasset
773 1474 848 1548 res,
870 1450 1045 1520 intentam
1065 1447 1257 1518 adomnia

184 1585 373 1631 occurrere
390 1560 506 1655 jubet.
524 1560 702 1632 Patefacta
715 1560 847 1632 deinde
862 1576 987 1658 porta,
1004 1584 1085 1644 eos,
1103 1583 1201 1655 quos
1216 1559 1256 1628 in

184 1671 241 1740 via
259 1669 398 1742 ferente
414 1671 460 1742 ad
478 1686 593 1743 castra
611 1672 772 1742 hostium
788 1673 1023 1759 instruxerat,
1037 1671 1159 1741 mittit.
1184 1673 1256 1745 Ro·

184 1782 302 1868 mani,
322 1781 414 1853 duce
438 1784 518 1880 ipso
545 1783 797 1879 praecipiente,
818 1805 1014 1879 parumper
1032 1803 1192 1866 cessere,
1213 1793 1258 1849 ut

184 1893 374 1988 propiores
387 1890 555 1962 subsidiis
567 1892 605 1961 in
620 1893 815 1962 certamine
831 1892 910 1988 ipso
927 1888 1183 1963 submittendis
1198 1914 1256 1960 es·

186 2015 278 2073 sent.
306 2006 351 2070 Et
379 2003 497 2098 primo
524 2000 622 2071 haud
648 2002 777 2098 impari
803 2017 935 2073 stetere
958 2003 1033 2073 acie
1057 2029 1065 2071 :
1093 1999 1260 2072 subsidia

183 2110 333 2200 deinde,
353 2111 562 2182 idemtidem
574 2111 780 2184 submissae
794 2115 936 2200 castris,
955 2138 1032 2183 non
1045 2126 1260 2183 averterunt

185 2222 304 2293 solum
322 2224 360 2292 in
380 2221 503 2320 fugam
524 2222 666 2311 hostes,
687 2223 750 2293 sed
769 2222 860 2294 adeo
881 2222 1004 2294 effusis
1022 2223 1257 2309 institerunt,

184 2346 242 2418 ut,
257 2334 327 2404 nisi
339 2336 504 2431 receptui
521 2334 726 2418 cecinisset,
740 2335 909 2431 permixti
926 2332 1150 2430 fugientibus
1165 2334 1260 2403 irru-

184 2445 282 2541 pturi
297 2442 405 2514 fuisse
422 2445 460 2512 in
475 2443 605 2514 urbem
615 2443 836 2515 viderentur.
853 2445 1060 2541 Trepidatio
1073 2467 1161 2514 vero
1175 2468 1259 2513 non

183 2556 222 2624 in
240 2553 362 2652 praelio
384 2554 520 2648 major,
544 2579 653 2651 quam
675 2569 752 2625 tota
771 2554 862 2625 urbe
882 2553 951 2625 fuit
969 2582 977 2623 τ
994 2554 1116 2624 multae
1135 2555 1260 2624 statio·

184 2690 248 2741 nes
265 2690 398 2763 pavore
420 2678 529 2761 atque
545 2663 629 2761 iuga
647 2663 795 2736 desertae
815 2680 917 2752 sunt,
935 2665 1124 2761 relictique
1142 2664 1259 2748 muri,

184 2801 319 2873 quum,
335 2801 408 2873 qua
422 2778 555 2873 cuique
570 2791 645 2846 erat
654 2777 878 2872 proximum,
894 2775 1133 2846 desiluissent.
1144 2773 1261 2863 Quod

185 2888 249 2959 ubi
269 2912 431 2984 egressus
451 2889 571 2986 Scipio
591 2889 628 2957 in
652 2887 852 2975 tumulum,
873 2911 983 2983 quem
1002 2883 1173 2956 Mercurii
1191 2909 1260 2954 vo·

220 3075 281 3123 Cer.
290 3075 379 3120 XLIV.
393 3088 414 3119 1.
431 3072 572 3135 Quingentis
582 3071 696 3118 militibus
741 3083 833 3119 tentam
846 3071 987 3128 adomnia,
1003 3086 1129 3118 occurrere
1131 3069 1221 3134 jubet;
1230 3081 1262 3118 ut

185 3171 266 3202 arcem
279 3153 383 3201 insedit:
398 3153 553 3215 quingentos,
565 3162 625 3208 etc.;
636 3166 695 3197 cun·
741 3167 825 3198 sensus
836 3151 884 3199 sit:
896 3162 1007 3198 caeteram
1017 3148 1200 3196 multitudinem
1208 3150 1263 3209 jue-

184 3235 220 3282 fer
233 3232 322 3297 Polyb.
338 3234 376 3288 X,
399 3247 443 3288 12,
459 3229 502 3293 qui
513 3229 585 3296 etiam
598 3229 659 3276 ibid.
672 3241 696 3277 et
741 3231 785 3291 sit,
797 3230 879 3279 omnia
895 3231 1151 3295 circumspectantem,
1167 3243 1261 3276 occur-

106 3336 109 3343 ·
184 3330 238 3378 cap.
253 3315 281 3371 8,
302 3310 368 3357 mille
383 3320 477 3357 tantum
492 3309 581 3356 milites
595 3310 697 3372 Magoni
740 3327 793 3359 rere
801 3309 1080 3373 hostibus,ubicumque
1089 3307 1261 3373 opuefuisset.

183 3392 283 3449 tribuit,
297 3406 348 3437 non
358 3388 442 3436 decem
452 3387 539 3446 millia,
553 3389 695 3452 ntAppian.
740 3391 785 3438 Eo.
795 3418 829 3426 —
843 3390 907 3446 Eos,
923 3407 983 3454 quos
997 3389 1022 3436 in
1030 3389 1074 3435 via
1080 3387 1178 3453 fererite
1192 3386 1261 3436 ade.

184 3472 256 3536 Hisp.
270 3485 308 3531 19.
323 3469 415 3517 Confer
424 3468 486 3514 infra
497 3484 550 3531 cap.
566 3474 599 3528 49
609 3484 647 3531 pr.
662 3496 697 3503 —
741 3469 766 3518 t.
776 3471 940 3525 instruxerat,
953 3467 1004 3516 scil.
1015 3466 1199 3532 oppidanorum
1207 3466 1264 3515 duo

186 3542 318 3598 Occurrere
329 3549 417 3613 jubet,·
435 3547 492 3595 vide
511 3546 543 3594 ed
557 3549 636 3603 XXI,
654 3549 696 3605 61,
741 3550 827 3607 millia,
850 3565 926 3612 eaque
948 3548 1079 3595 fortissima
1105 3557 1129 3593 et
1152 3546 1263 3605 selecta,

184 3647 209 3677 u.
223 3645 244 3676 1.
254 3656 289 3664 —
303 3631 377 3676 Hunc
385 3630 467 3675 locum
484 3626 553 3673 valde
566 3626 695 3690 impugnat
740 3628 813 3675 mittit
831 3629 857 3674 iu
870 3627 965 3686 hostes,
986 3627 1024 3674 vel
1038 3625 1139 3682 emittit;
1158 3624 1212 3672 niti
1225 3626 1264 3674 itu

182 3708 324 3765 Walcbius,
336 3707 436 3754 Emeud.
446 3723 501 3771 pag.
513 3721 554 3765 17,
565 3705 635 3768 quasi
645 3721 696 3752 ver·
738 3707 785 3771 leg.
792 3707 910 3754 -Haud
919 3706 1009 3770 impari
1017 3716 1103 3754 stetere
1109 3703 1179 3760 acie,
1191 3706 1263 3754 Flor.

182 3788 214 3834 ba
222 3787 258 3834 ad
268 3786 351 3833 omnia
364 3803 448 3834 sensus
458 3802 509 3833 non
516 3785 634 3849 patiatur,
644 3799 696 3831 cor·
740 3805 753 3835 a
765 3804 837 3834 manu
850 3787 957 3834 secunda
971 3785 1041 3832 haud
1053 3784 1158 3848 impares
1170 3796 1265 3835 stetere

182 3866 288 3929 rigitque
307 3865 343 3911 ad
355 3866 451 3912 moenia.
468 3865 559 3912 Contra
578 3882 636 3912 vero
649 3876 696 3912 stat
740 3867 818 3921 oties,
833 3865 901 3929 quod
913 3866 1009 3930 placere
1022 3876 1117 3929 potest;
1131 3863 1264 3916 Drakenb.

184 3947 294 4000 Brittrter,
309 3945 369 3992 Obs.
380 3960 434 4008 pag.
446 3960 475 4003 71
489 3961 555 4008 seqq.
568 3945 696 4007 vulgatam·
741 3957 765 3994 et
777 3946 868 3993 Duker.
880 3963 886 4002 3
903 3947 987 3992 confer
998 3944 1029 3992 ad
1039 3944 1130 3991 librum
1140 3945 1265 4005 XXVII,

184 4040 231 4087 que
250 4023 373 4082 defendit,
392 4034 483 4071 mutata
500 4024 606 4072 Walchii
625 4025 697 4071 inter·
741 4043 793 4089 cap.
805 4042 818 4071 2
834 4024 953 4072 :Romani
959 4059 964 4070 .
976 4059 982 4070 .
994 4023 1032 4071 .in
1042 4025 1144 4072 multum
1153 4022 1208 4072 diei
1216 4037 1267 4073 ste-

183 4105 334 4169 punctione,
347 4107 381 4152 itu
395 4104 477 4168 legens
492 4120 497 4154 :
516 4138 577 4154 .....
595 4121 644 4163 res,
661 4104 697 4152 in-
742 4116 791 4152 tere
802 4104 826 4149 itt
841 4103 902 4150 acie.
