2768 4574
190 322 260 394 258
615 320 654 388 r.
687 322 828 389 nrvu
1109 299 1236 408 ttae:

189 469 271 541 quae
288 457 366 514 acta
386 457 505 528 erant,
529 467 686 539 quaeque
712 457 753 513 ut
780 455 992 540 agerentur,
1016 457 1263 532 convenerat,
1360 528 1363 533 Ι

188 554 234 625 ad
253 552 441 625 consulem
460 550 584 623 refert.
606 551 737 624 Fabius
754 552 874 650 vigilia
896 554 1032 650 prima,
1049 552 1135 624 dato
1155 555 1264 652 signo

188 667 248 754 iis,
267 667 331 763 qui
345 652 383 734 in
397 688 478 735 arce
496 679 622 753 erant,
640 665 778 761 quique
792 664 994 734 custodiam
1006 677 1135 761 portus
1150 663 1265 736 habe-

187 775 297 864 bant,
312 777 389 872 ipse
403 774 556 845 circuito
566 788 678 870 portu
691 773 737 846 ab
752 775 900 872 regione
914 773 1014 845 urbis
1029 775 1069 844 in
1081 775 1264 846 orientem

186 910 291 957 versa
308 884 475 956 occultus
500 883 675 955 consedit.
699 889 838 957 Canere
857 885 943 956 inde
969 884 1068 956 tubae
1087 884 1195 956 simul
1214 885 1265 957 ab

187 1021 287 1084 arce,
301 996 408 1067 simul
423 1009 563 1092 aportu
576 1009 612 1065 et
625 993 671 1065 ab
686 993 859 1082 navibus,
875 1020 956 1092 quae
970 993 1015 1065 ab
1031 1012 1158 1093 aperto
1169 999 1266 1068 mari

187 1106 348 1204 appulsae
367 1119 492 1192 erant;
519 1105 729 1200 clamorque
748 1105 912 1201 undique
935 1130 1019 1175 cum
1044 1106 1183 1202 ingenti
1202 1121 1265 1178 tu-

187 1216 329 1304 multu,
359 1213 458 1285 unde
483 1215 677 1284 minimum
706 1214 861 1313 periculi
887 1229 984 1304 erat,
1013 1215 1069 1299 det
1083 1213 1267 1288 industria

188 1341 301 1398 ortus.
319 1324 456 1396 Consul
470 1324 615 1395 interim
633 1324 778 1394 silentio
794 1323 1006 1394 continebat
1022 1348 1107 1394 suos
1125 1351 1133 1393 :
1151 1325 1268 1421 igitur

188 1443 441 1523 Democrates,
457 1437 521 1532 qui
541 1433 730 1533 praefectus
748 1448 854 1505 antea
872 1434 992 1505 classis
1010 1433 1145 1523 fuerat,
1165 1433 1267 1507 forte

187 1549 252 1619 illo
276 1548 359 1619 loeo
381 1543 635 1645 praepositus⁸,
655 1560 850 1642 postquam
875 1545 999 1641 quieta
1021 1545 1145 1616 omnia
1167 1546 1267 1617 circa

134 1707 139 1722 .
189 1683 227 1729 se
247 1659 352 1745 vidit,
372 1659 457 1745 alias
475 1671 596 1755 partes
613 1682 657 1728 eo
676 1656 837 1727 tumultu
861 1662 1075 1753 personare,
1093 1669 1134 1726 ut
1149 1671 1268 1753 captae

189 1768 291 1840 urbis
308 1767 494 1840 interdum
516 1769 735 1838 excitaretur
755 1767 1068 1862 clamor,veritus
1094 1791 1141 1836 ne
1163 1766 1269 1838 inter

189 1882 460 1952 cunctationem
475 1903 574 1947 suam
589 1878 719 1949 consul
729 1878 887 1974 aliquam
898 1879 972 1947 vim
985 1876 1131 1962 faceret,
1143 1879 1267 1975 signa·

190 2015 263 2087 que
283 1987 453 2076 inferret,
469 1988 677 2087 praesidium
693 1988 739 2059 ad
752 2013 890 2077 arcem,
907 1987 1006 2060 unde
1022 1988 1179 2059 maxime
1195 2003 1269 2060 ter-

154 2161 158 2174 ,
189 2100 305 2171 ribilis
322 2098 506 2172 accidebat
527 2124 654 2188 sonus,
674 2099 842 2172 traducit.
856 2100 1007 2190 Fabius,
1027 2116 1141 2198 quum
1159 2114 1199 2170 et
1219 2126 1270 2173 ex

191 2212 366 2308 temporis
382 2212 498 2309 spatio
516 2226 552 2281 et
571 2236 615 2282 ex
635 2211 778 2282 silentio
803 2213 882 2310 ipso
910 2211 1047 2310 (quod,
1068 2211 1133 2283 ubi
1150 2213 1270 2309 paulo

191 2336 276 2392 ante
292 2319 502 2417 strepebant
518 2323 716 2393 excitantes
727 2337 973 2418 vocantesque
987 2321 1032 2393 ad
1047 2346 1160 2410 arma,
1176 2322 1270 2395 inde

190 2432 291 2502 nulla
321 2431 506 2502 accidebat
533 2432 628 2523 vox)
657 2432 830 2504 deductas
861 2432 1041 2506 custodias
1070 2433 1271 2523 sensisset,

191 2538 278 2613 ferri
300 2542 411 2613 scalas
428 2541 474 2611 ad
491 2567 570 2612 eam
589 2557 727 2639 partem
744 2546 857 2630 muri,
878 2568 952 2639 qua
967 2545 1194 2615 Bruttiorum
1208 2568 1273 2616 co-

192 2652 336 2724 hortem
349 2652 557 2750 praesidium
568 2653 702 2749 agitare
716 2653 933 2748 proditionis
946 2654 1157 2725 conciliator
1169 2678 1273 2725 nun·

192 2764 358 2848 tiaverat,
380 2763 497 2859 jubet.
517 2768 567 2833 Ea
590 2765 748 2859 primum
773 2779 826 2834 est
849 2778 975 2861 captus
992 2788 1135 2852 murus,
1161 2764 1271 2859 adju-

192 2874 362 2945 vantibus
377 2873 712 2970 recipientibusque
729 2875 894 2961 Bruttiis‚
909 2890 946 2945 et
959 2890 1209 2946 transcensum
1225 2879 1272 2949 in

127 3036 137 3056 ,
192 2985 324 3056 urbem
343 2999 397 3055 est
416 3011 423 3052 :
444 2983 530 3053 inde
554 2998 590 3054 et
610 2985 776 3080 proxima
804 2983 958 3055 refracta
980 2999 1106 3082 porta,
1125 2999 1169 3055 ut
1191 2984 1272 3058 fre·

192 3097 322 3192 quenti
340 3095 482 3190 agmine
503 3094 602 3189 signa
617 3092 850 3165 inferrentur.
868 3100 977 3184 Tum,
996 3094 1154 3165 clamore
1174 3095 1274 3168 sub-

194 3206 287 3289 lato,
308 3202 377 3273 sub
395 3217 516 3273 ortum
532 3202 644 3275 ferme
668 3204 779 3291 lucis,
795 3205 898 3276 nullo
916 3205 1027 3276 obvio
1050 3219 1210 3292 armato,
1227 3209 1274 3281 in
1291 3279 1302 3300 ,

194 3317 316 3388 forum
332 3316 570 3412 perveniunt,
586 3341 787 3412 omnesque
801 3317 985 3413 undique,
1000 3319 1064 3413 qui
1081 3315 1127 3387 ad
1142 3341 1275 3391 arcem

193 3442 416 3525 portumque
436 3426 666 3524 pugnabant,
684 3429 723 3497 iu
742 3453 781 3499 se
798 3441 1068 3499 converterunt.

241 3542 336 3608 XVI.
360 3538 524 3608 Prteiium
544 3539 584 3607 in
605 3537 706 3607 aditu
723 3535 793 3609 fori
812 3540 950 3635 majore
972 3541 1131 3636 impetu,
1152 3563 1276 3637 quam

191 3648 476 3744 perseverantia,
499 3647 731 3717 commissum
753 3662 818 3718 est.
844 3653 928 3721 Non
945 3651 1085 3737 animo,
1106 3673 1186 3720 non
1207 3677 1277 3724 ar-

190 3844 353 3904 Oonvenerat;
368 3843 400 3890 al.
414 3852 582 3889 convenerant.
593 3841 659 3887 Vide
672 3841 703 3887 ad
747 3853 817 3890 erant
827 3842 870 3890 illo
880 3843 950 3902 loco3
963 3845 1040 3892 Gron.
1051 3845 1189 3908 Imperium
1202 3845 1279 3898 obti-

189 3928 217 3985 I,
233 3928 262 3983 3,
274 3941 300 3971 n.
314 3932 338 3978 4.
746 3936 808 3968 nens
825 3924 852 3967 in
872 3921 914 3968 illa
932 3922 1279 3986 urbisparte3vid.1)rak,

226 4007 249 4052 8.
264 4005 337 4049 Forte
351 4001 393 4048 illo
408 4000 461 4046 loco
471 3998 633 4062 praepositus,
648 3998 701 4046 scil.
747 4000 790 4047 Illi
806 4000 875 4048 dedit
888 4001 983 4061 uben,
1000 4017 1054 4066 quae
1066 4001 1142 4050 lectio
1158 4003 1188 4053 in
1202 4022 1278 4057 non.

188 4081 304 4148 praesidio
330 4079 371 4128 vel
393 4077 635 4143 propugnatoribus,
659 4077 703 4141 qui
746 4079 1280 4139 nullisexstatcodd.sedminusbeue.En.

998 4152 1002 4177 Ι
