2768 4574
181 347 244 446 ljlt
257 349 302 453 3221
334 368 427 433 mn.
452 367 634 435 xxvm.
653 328 759 433 'aaa
782 366 921 435 xxxi.
947 372 1107 438 xxxu.
1144 371 1215 456 403

154 489 367 559 Sedetanum
387 485 547 584 agrurn3,
568 486 633 557 ubi
655 487 835 584 principio
859 488 1071 564 defectionis
1092 499 1217 568 stativa

153 597 372 685 habuerant,
385 622 469 669 cum
478 599 605 695 viginti
616 596 776 668 millibus
785 597 967 694 peditum,
982 602 1126 678 duobus
1139 608 1218 678 mil·

152 707 248 778 libus
262 709 426 804 equitum
443 722 479 778 cl
494 707 699 804 quingentis
711 707 1025 809 transcenderunt.

200 823 348 889 XXXII.
371 819 507 916 Scipio,
527 843 642 914 quum
660 816 732 888 fide
758 817 922 888 solvendi
940 822 1076 916 pariter
1096 827 1215 903 omni-

151 929 222 1000 bus
245 930 361 999 noxiis
381 930 612 1025 innoxiisque
631 929 836 1026 stipendii¹,
859 943 938 1000 tum
957 931 1060 1002 vultu
1079 957 1120 1004 ac
1139 960 1216 1009 ser.-

54 1113 56 1120 ,
150 1062 261 1111 mone
283 1041 321 1109 in
348 1063 474 1110 omnes
496 1039 656 1135 placato,
680 1038 783 1109 facile
801 1041 1039 1112 reconciliatis
1058 1045 1213 1117 militum

150 1151 295 1236 animis,
306 1151 408 1245 prius
420 1174 530 1244 quam
542 1165 655 1220 castra
667 1148 712 1219 ab
721 1149 935 1246 Carthagine
947 1167 1122 1241 moveret,
1135 1179 1216 1226 con·

150 1262 255 1331 cione
274 1259 466 1346 advocata,
484 1259 608 1330 multis
621 1258 740 1329 verbis
755 1260 792 1329 in
810 1258 1018 1356 perfidiam²
1036 1259 1214 1336 rebellan-

148 1371 241 1440 tium
257 1369 468 1466 regulorum
486 1371 667 1457 invectus,
692 1395 926 1467 nequaquam
947 1375 1074 1445 eodem
1090 1382 1213 1446 animo

147 1505 186 1550 se
211 1488 263 1551 ire
285 1479 468 1577 professus
494 1495 547 1550 est
570 1480 623 1550 ad
640 1480 903 1552 uindicandum
924 1484 966 1553 id
984 1485 1116 1571 scelm,
1140 1511 1213 1582 quo
1312 1544 1316 1551 ,

147 1591 285 1661 civilem
301 1616 458 1661 errorem
475 1616 592 1687 nuper
606 1598 794 1660 sanaverit.
811 1597 903 1663 Tum
917 1618 972 1677 se,
993 1595 1099 1664 baud
1112 1621 1213 1667 secus

147 1727 261 1797 quam
281 1709 421 1773 uiscera
441 1718 621 1772 secantem
642 1727 727 1786 sua,
744 1727 826 1772 cum
840 1709 976 1799 gemitu
994 1721 1031 1774 et
1047 1705 1214 1796 lacrymis

146 1819 311 1910 quinque
327 1830 364 1883 et
376 1819 520 1908 triginta
537 1809 746 1882 hominum³
762 1813 939 1908 capitibus
953 1821 1120 1911 captasse
1133 1834 1212 1888 octo
1300 1837 1306 1857 '

146 1923 301 1993 millium
314 1949 378 1994 seu
392 1924 690 2021 Imprudentium,
708 1947 772 1992 seu
786 1947 924 1992 noscam
938 1951 948 1990 .·
964 1950 1059 1995 nunc
1078 1926 1161 1998 laeto
1179 1945 1216 1998 et

145 2049 260 2102 erecto
277 2039 400 2102 animo
420 2033 474 2102 ad
490 2033 628 2103 ccedem
647 2032 838 2127 Ilergetum
857 2039 918 2102 ire.
939 2038 1025 2105 Non
1042 2042 1138 2105 enim
1152 2062 1213 2109 eos

144 2168 262 2239 neque
278 2160 382 2214 natos
400 2151 437 2213 in
456 2145 583 2214 eadem
603 2160 714 2229 terra,
735 2168 800 2214 nec
814 2143 889 2214 ulla
906 2170 1027 2216 secum
1045 2154 1213 2220 societate

135 2255 284 2345 junctos
302 2279 400 2324 esse:
420 2279 520 2340 eam,
540 2279 625 2350 quoe
645 2254 725 2325 sola
733 2255 868 2344 fuerit,
875 2256 976 2349 fidei
991 2272 1101 2352 atque
1116 2265 1211 2328 ami-

143 2368 260 2437 citioe‘*
277 2373 371 2464 ipsos
378 2393 451 2464 per
462 2367 576 2438 scelus
591 2374 739 2464 rupisse.
754 2373 800 2436 In
812 2373 971 2438 exercitu
979 2393 1045 2438 suo
1057 2394 1106 2455 se,
1112 2395 1211 2467 proe·

180 2542 202 2586 3.
216 2543 247 2586 In
262 2542 403 2588 sedetauum
417 2557 517 2606 agrum
528 2553 576 2590 etc.
589 2541 654 2588 Nota
698 2550 830 2603 praeterea,
845 2549 891 2587 etc.
909 2539 980 2588 Cani,
994 2539 1064 2597 adl,
1083 2540 1132 2599 53,
1146 2558 1171 2588 n.
1184 2543 1207 2589 31

141 2617 216 2665 Drak.
229 2630 266 2666 est
276 2635 282 2667 :
294 2620 309 2660 '«
318 2621 354 2666 Ex
367 2619 431 2666 Livii
447 2620 586 2668 narratione
601 2620 653 2667 col·
734 2634 758 2665 2.
772 2617 858 2665 Multis
868 2617 948 2664 verbis
960 2617 984 2663 in
993 2617 1140 2684 perfidiam,
1159 2631 1206 2668 etc.

140 2695 278 2758 ligendum,
292 2698 455 2746 Mandonium
467 2712 492 2748 et
506 2699 652 2756 Indibilem,
697 2697 728 2743 cf.
742 2696 831 2760 Polyb.
844 2697 896 2752 XI,
908 2696 950 2742 31.

140 2774 246 2823 adventu
256 2777 378 2840 Scipionis
387 2778 484 2835 audito,
498 2796 529 2826 ex
543 2794 601 2842 agro
615 2794 651 2825 se·
732 2777 756 2823 3,
770 2775 880 2838 Quinque
892 2784 915 2820 et
926 2772 1025 2838 triginta
1040 2772 1163 2821 bominum
1175 2793 1206 2823 ex

140 2853 229 2902 delano
242 2855 268 2900 in
283 2855 387 2918 patriam
401 2858 539 2912 recessisse,
553 2869 578 2904 et
592 2855 650 2903 hinc
695 2855 740 2901 MS
752 2856 815 2901 Har.
834 2864 858 2899 et
875 2851 960 2916 SIgon.
975 2852 1057 2916 recepi
1070 2868 1117 2915 pro
1136 2854 1203 2917 vulg.

140 2933 262 2997 Scipioni,
274 2945 301 2981 ut
312 2951 354 2981 eos
367 2946 543 2998 assequeretur,
552 2934 650 2982 Iberum
694 2933 795 2997 tn'ginta
810 2932 834 2979 li.
848 2931 886 2980 Cf.
898 2947 951 2994 cap.
970 2932 1003 2977 26
1022 2947 1060 2992 pr.
1074 2942 1098 2978 et
1114 2933 1203 2996 Polyb.

139 3012 312 3059 transeundum
324 3014 406 3061 fuisse.
418 3017 467 3061 Eos
476 3025 557 3061 autem
568 3013 595 3058 iu
607 3016 649 3061 Se·
693 3014 794 3071 ΠΜ.
802 3010 904 3058 Numeri
910 3011 987 3056 XXX
997 3020 1022 3057 et
1028 3010 1129 3056 XXXV
1135 3012 1204 3058 facile

139 3091 234 3138 detanis
258 3092 391 3139 exercitum
417 3093 559 3155 collegisse,
579 3093 648 3154 qnod
692 3090 825 3153 permutari
837 3087 1203 3153 poterant.angatumretinuit

138 3171 206 3220 Glar.
219 3171 333 3235 putabat,
349 3171 418 3218 nullo
431 3171 491 3218 loco
504 3171 587 3217 Livius
599 3182 647 3218 trs·
693 3169 767 3216 Drak.
783 3180 811 3216 ut
826 3170 859 3215 ita
873 3168 958 3232 Scipio
974 3182 1077 3213 numero
1094 3169 1213 3215 rotundo*

138 3248 184 3296 dit.
195 3252 272 3314 Supra
283 3266 336 3313 cap.
348 3258 394 3305 24,
405 3249 534 3296 concitatis
545 3249 648 3312 populn-
692 3247 782 3295 minori
797 3263 855 3294 usus
873 3247 905 3295 sit
922 3246 1049 3293 minuendi
1067 3262 1139 3295 causa
1156 3265 1202 3294 nu-

137 3328 205 3375 ribus
211 3329 369 3379 etCeltiberis
375 3326 557 3393 depopulantur
563 3345 646 3392 agrum
691 3343 784 3374 merum
797 3326 910 3384 illorum,
922 3341 984 3388 quos
993 3342 1024 3372 ex
1035 3336 1102 3371 tanta
1113 3327 1202 3373 uoxi0·

135 3419 301 3469 suessetannm
322 3409 518 3470 sedetauumque.
541 3408 587 3454 Hic
604 3425 646 3454 au·
690 3423 745 3452 rum
757 3403 914 3452 multitudine
927 3419 999 3466 poene
1014 3403 1129 3450 affecerit.

136 3486 289 3547 tem,prim0
299 3487 324 3532 in
336 3487 396 3534 fines
408 3487 591 3548 regressi,mox
602 3503 645 3534 vo·
727 3493 750 3539 4.
773 3486 850 3539 Eam,
873 3499 928 3546 quae
948 3482 1002 3528 sola
1020 3480 1115 3545 suerit,
1135 3478 1203 3549 fidei

135 3565 194 3610 catis
217 3581 301 3610 rursus
327 3567 358 3612 ad
381 3583 446 3613 arma
472 3565 644 3629 popularibus,
690 3575 765 3627 atque
778 3562 1057 3617 amicitiaesocietatcm‚
1079 3577 1130 3608 non
1142 3577 1202 3625 pro-

134 3644 327 3705 contractisque,
340 3661 395 3707 quae
411 3658 482 3693 antea
498 3644 645 3702 habuerant,
689 3642 798 3705 plorem,
816 3641 859 3688 sed
876 3641 1048 3686 remotiorem:
1063 3655 1119 3686 nam
1139 3640 1200 3688 verli

132 3722 245 3778 auxiliis,
267 3724 294 3768 in
321 3724 462 3771 sedetauum
479 3740 563 3787 agrum
581 3735 645 3771 tran·
689 3733 747 3767 sunt
762 3721 827 3768 tituli
843 3730 867 3766 et
884 3720 968 3766 formae
982 3718 1123 3765 societatum
1135 3720 1200 3767 inter

133 3799 254 3847 scendisse
268 3800 383 3848 dicuntur
392 3824 413 3847 ».
689 3800 816 3860 homines;
831 3809 867 3846 est
885 3798 984 3854 civius,
998 3808 1034 3844 est
1052 3800 1197 3862 consangui-

166 3880 228 3927 Car.
245 3881 355 3928 XXXII.
371 3896 393 3928 r.
410 3881 489 3944 Scipio
507 3881 643 3948 qnumfide
687 3879 764 3937 nitas,
778 3878 899 3932 affinitas,
913 3891 1037 3923 sacrorum
1056 3875 1096 3923 vel
1114 3876 1195 3940 publi-

130 3958 238 4005 solvendi
243 3959 340 4022 pariter
352 3959 462 4006 omnibus
477 3960 559 4008 noxiis
575 3961 642 4008 inno·
687 3975 771 4006 corum
789 3957 829 4003 vel
845 3955 998 4003 familiarium
1016 3955 1196 4013 communitas,

130 4038 226 4101 xiisque
238 4038 352 4102 stipendii
355 4057 365 4096 ,·
378 4039 424 4103 leg.
437 4057 492 4086 cnm
507 4043 585 4088 Gron.
595 4041 642 4087 Sci·
686 4032 830 4101 collegium,
842 4047 879 4082 est
892 4034 965 4083 etiam
980 4033 1072 4091 foedus3
1087 4034 1199 4085 Gronov.

123 4116 170 4178 pio
181 4117 295 4185 cumfide
305 4118 417 4167 solvendo
429 4120 562 4184 stipendio,
574 4131 624 4168 tum
630 4153 639 4177 ,
687 4118 745 4167 coll.
754 4117 806 4166 Cic.
816 4116 867 4164 Off,
879 4117 905 4174 I,
925 4130 965 4175 17.

960 4199 1021 4269 26.
