2768 4574
1082 301 1105 337 Α.
1122 297 1147 336 C.
1162 312 1209 349 ²⁰9·

166 314 235 385 236
590 319 629 384 T.
663 319 804 386 LIVII
1081 357 1108 397 u.
1120 359 1144 397 c.
1159 361 1208 406 sss.

163 441 308 509 Licinus
325 463 370 508 ex
383 437 603 508 mulctaticio
623 453 773 534 argento
796 439 898 536 signa
913 462 1012 508 aenea
1030 437 1075 508 ad
1090 440 1236 510 Cereris

164 548 317 636 dedere,
333 563 369 619 et
382 548 501 634 ludos,
517 573 584 645 pro
599 550 773 646 temporis
789 549 865 644 ejus
880 550 1036 646 copia¹²,
1049 547 1238 646 magnifici

164 672 355 754 apparatus
373 656 548 729 fecerunt.

211 773 287 839 VII.
304 770 411 839 Exitu
423 770 508 840 anni
517 768 638 864 hujus,
648 769 705 840 die
721 785 853 866 quarto
866 786 902 841 et
914 770 1107 857 tricesimo,
1119 794 1235 866 quam

163 878 208 950 ab
231 885 432 952 Tarracone
457 879 641 978 profectus
663 896 756 968 erat,
782 886 821 952 C.
844 880 973 951 Laettus
993 879 1132 976 legatus
1154 881 1235 950 Sci-

162 992 282 1088 pionis
304 997 456 1062 Romam
474 993 591 1078 venit;
612 992 714 1089 isque
732 1016 815 1063 cum
838 993 980 1089 agmine
1004 991 1236 1088 captivorum

161 1103 343 1198 ingressus
354 1101 503 1189 urbem,
516 1127 688 1199 magnum
699 1127 918 1173 concursum
931 1101 1122 1171 hominum
1132 1099 1235 1172 fecit.

162 1217 310 1284 Postero
327 1213 385 1284 die
398 1216 436 1283 in
451 1227 617 1284 senatum
631 1212 881 1299 introductus,
896 1225 1038 1309 captam
1048 1210 1236 1308 Carthagi·

162 1347 266 1409 nem,
289 1339 398 1421 caput
416 1326 617 1422 Hispaniae,
639 1349 714 1394 uno
733 1323 812 1410 die,
833 1337 1069 1420 receptasque
1090 1321 1238 1419 aliquot

161 1432 290 1520 urbes,
311 1459 391 1530 quae
413 1432 648 1521 defecissent,
665 1459 851 1530 novasque
872 1435 909 1503 in
934 1434 1141 1504 societatem
1166 1433 1237 1503 ad-

162 1545 288 1632 scitas,
312 1546 500 1643 exposuit.⁸
516 1551 569 1616 Ex
588 1547 738 1643 captivis
758 1560 943 1642 comperta
963 1543 1019 1615 his
1039 1542 1119 1615 fere·
1140 1567 1238 1614 con-

161 1657 347 1750 gruentia,
366 1682 446 1753 qute
464 1658 501 1726 in
524 1657 636 1727 literis
656 1655 800 1727 fuerant
814 1659 862 1724 M.
877 1654 1027 1725 Valerii¹
1044 1653 1235 1724 Messallae.

160 1769 315 1839 Maxime
330 1771 443 1839 movit
456 1773 577 1839 Patres
591 1765 824 1837 Hasdrubalis
839 1766 1012 1835 transitus
1026 1765 1064 1833 in
1074 1764 1237 1853 ltaliam,

161 1877 220 1945 vix
238 1876 432 1948 Hannibali
454 1891 564 1972 atque
589 1877 667 1971 ejus
690 1878 797 1946 armis
820 1873 1100 1945 subsistentem²
1118 1897 1238 1970 :pro-

163 1984 293 2057 ductus
312 1989 400 2057 etin
420 1989 635 2057 concionem
655 1987 783 2056 Laelius
805 1985 931 2057 eadem
947 1985 1146 2055 edisseruit:
1168 1989 1239 2056 Se-

162 2111 280 2183 natus,
296 2095 345 2166 ob
359 2122 416 2168 res
430 2095 581 2167 feliciter
596 2121 615 2166 a
632 2101 668 2165 P.
681 2097 850 2193 Scipione
861 2111 990 2192 gestas,
1005 2095 1240 2193 supplicatio-

162 2207 295 2275 nemin
304 2231 421 2276 unum
437 2206 533 2278 diem
545 2205 703 2276 decrevit
716 2213 725 2274 ἐ
741 2209 779 2276 C.
790 2206 938 2275 Laelium
952 2207 1072 2303 primo
1080 2212 1239 2302 quoque

160 2328 343 2411 tempore,
360 2339 443 2385 cum
460 2314 594 2413 quibus
608 2329 755 2386 venerat
773 2313 945 2401 navibus,
958 2314 1077 2386 redire
1096 2317 1133 2384 in
1149 2320 1239 2388 His-

162 2426 305 2521 paniam
319 2427 435 2520 jussit.
447 2426 674 2524 Carthaginis
685 2427 993 2524 expugnationem
1007 2427 1045 2495 in
1060 2425 1160 2497 hunc
1175 2452 1240 2499 an·

161 2560 251 2606 num
271 2537 428 2623 contuli,
452 2538 574 2610 multis
598 2533 827 2624 auctoribus3
846 2533 943 2604 haud
959 2535 1101 2606 nescius
1119 2560 1238 2637 quos·

161 2641 243 2712 dam
265 2669 356 2734 esse,
380 2649 444 2742 qui
463 2673 560 2719 anno
586 2646 795 2743 insequenti
811 2641 973 2742 captam³
993 2645 1238 2718 tradiderint:

161 2755 262 2850 quod
282 2757 370 2826 mihi
388 2760 509 2828 minus
528 2757 641 2828 simile
658 2757 734 2827 veri
753 2756 870 2823 visum
891 2768 963 2842 est,
983 2778 1120 2825 annum
1136 2755 1240 2829 inte-

161 2890 266 2962 grum
284 2869 491 2964 Scipionem
512 2868 603 2938 nibil
624 2864 790 2965 gerundo
812 2867 849 2935 in
865 2866 1038 2962 Hispania
1058 2890 1240 2937 consum·

162 2976 283 3071 psisse.
308 2981 354 3067 Q.
370 2977 481 3049 Fabio
503 2954 661 3048 llllaximo
679 2976 872 3073 quintum,
891 2979 936 3065 Q.
959 2976 1085 3046 Fulvio
1104 2975 1239 3050 Flacco

714 3193 816 3240 Ascens.
829 3203 854 3239 et
866 3192 897 3240 al.
911 3208 942 3239 ex
955 3192 1057 3256 interpr.
1077 3203 1105 3240 ut
1121 3191 1240 3240 resisten-

717 3282 764 3318 tem
772 3272 817 3318 MS
828 3272 902 3318 Hafn,
913 3270 1135 3327 -Subsistente'nt,
1148 3287 1241 3334 quem-

716 3350 850 3398 admodum
866 3351 932 3414 apud
948 3351 1093 3398 Ciceronem
1107 3349 1188 3413 Epist.
1201 3354 1241 3403 ad

159 3191 235 3308 Signa
249 3210 319 3241 antea
332 3195 368 3242 ad
381 3195 489 3254 ternio
508 3196 565 3246 vide
584 3196 615 3244 ad
633 3198 670 3254 X,

162 3278 176 3308 2
202 3280 300 3321 ,n.12.
339 3314 342 3319 ,

199 3359 238 3389 ra.
251 3346 300 3390 Pro
312 3345 424 3410 temporis
434 3346 486 3412 ejns
496 3346 583 3411 copia,
598 3346 672 3394 facul-

160 3432 209 3469 tate
220 3420 262 3487 (cf.
272 3424 304 3470 ad
313 3426 375 3484 VII,
387 3427 428 3483 33,
436 3442 462 3472 n.
472 3442 501 3484 α,
513 3437 537 3473 et
544 3427 670 3483 mur,

160 3515 237 3560 21‚n.
248 3499 287 3566 6),
297 3503 609 3569 lttdosfeaernntplebeios3
619 3504 668 3552 vid.

160 3580 191 3626 ad
202 3583 242 3641 11,
257 3583 300 3639 36,
317 3600 341 3630 n.
356 3601 377 3632 1.

195 3661 256 3709 Cur.
270 3664 328 3711 VII.
349 3679 372 3711 1.
387 3665 418 3708 In
434 3662 508 3710 literis
525 3664 559 3711 M.
581 3662 672 3710 Valerii

161 3739 299 3796 Messallae;
313 3741 369 3787 vide
380 3757 433 3805 cap.
448 3742 471 3788 5.

196 3834 220 3864 n.
236 3817 285 3864 Vix
296 3819 433 3868 Hannibali
445 3832 520 3884 atque
532 3821 583 3887 ejus
596 3820 671 3868 armis

159 3895 335 3953 subsistentem,
357 3898 522 3959 resistentem,
543 3900 582 3948 vel
603 3898 672 3947 suffi-

162 3975 280 4033 cientem,
291 3993 386 4039 parem3
399 3978 454 4026 vide
466 3979 496 4026 od
507 3981 533 4038 1,
547 3988 578 4039 4,
590 3997 615 4031 n.
632 3996 673 4039 12,

167 4062 190 4098 et
205 4053 321 4105 Schelleri
340 4058 422 4106 Lexic.
442 4058 593 4108 obsistentem
612 4059 671 4108 edit.

714 3430 865 3489 Familiares,
882 3432 936 3489 XI,
959 3445 1007 3488 ιο,
1027 3428 1095 3492 quod
1114 3445 1145 3476 ex
1169 3431 1241 3496 opti·

714 3511 761 3558 mis
784 3512 846 3558 MSS
869 3520 1032 3573 reposuerunt
1051 3508 1180 3557 Victorino
1209 3525 1240 3563 et
1341 3513 1346 3524 ¹

715 3589 795 3637 Gebh.
813 3591 857 3636 En.

752 3670 776 3717 3.
793 3669 918 3730 Quosdam
936 3684 999 3724 esse,
1020 3667 1063 3730 qni
1081 3683 1150 3714 anno
1170 3667 1241 3717 inse-

716 3747 800 3812 quenti
820 3758 920 3811 captam
938 3745 1086 3794 tradiderint
1104 3745 1241 3813 Carthagi.

711 3828 786 3885 nem,
802 3827 828 3872 in
841 3827 931 3889 quibus
944 3836 968 3873 et
983 3823 1103 3888 Polybius
1117 3824 1175 3873 fuit.
1193 3826 1238 3879 cf.

716 3905 853 3969 Schweigh.
864 3906 895 3953 ad
908 3904 1054 3969 Polybium,
1066 3903 1103 3962 X,
1115 3919 1129 3950 n
1141 3920 1183 3967 pr.
1197 3933 1239 3944 -

718 3984 791 4046 Quod
799 3983 859 4030 mitt
867 3983 945 4031 ntinns
954 3983 1033 4048 simile
1042 3980 1108 4038 veri,
1117 3984 1240 4037 etc.Vid.

716 4063 747 4114 ad
755 4065 808 4125 VI,
829 4064 857 4121 8,
876 4079 901 4109 n.
914 4079 938 4110 n.
