<?xml version="1.0" encoding="UTF-8"?>
<!DOCTYPE html PUBLIC "-//W3C//DTD XHTML 1.0 Transitional//EN"
    "http://www.w3.org/TR/xhtml1/DTD/xhtml1-transitional.dtd">
<html xmlns="http://www.w3.org/1999/xhtml" xml:lang="en" lang="en">
 <head>
  <title>
</title>
<meta http-equiv="Content-Type" content="text/html;charset=utf-8" />
  <meta name='ocr-system' content='tesseract 3.04.00' />
  <meta name='ocr-capabilities' content='ocr_page ocr_carea ocr_par ocr_line ocrx_word'/>
</head>
<body>
  <div class='ocr_page' id='page_1' title='image "./titusliviuspata04freigoog_0288.png"; bbox 0 0 2768 4574; ppageno 0'>
   <div class='ocr_carea' id='block_1_1' title="bbox 183 245 1206 352">
    <p class='ocr_par' dir='ltr' id='par_1_1' title="bbox 183 245 1206 352">
     <span class='ocr_line' id='line_1_1' title="bbox 183 245 1206 352; baseline -0.019 -6"><span class='ocrx_word' id='word_1_1' title='bbox 183 245 306 352; x_wconf 68' lang='lat' dir='ltr'><strong>lzfittllt</strong></span> <span class='ocrx_word' id='word_1_2' title='bbox 371 267 522 333; x_wconf 78' lang='lat' dir='ltr'><strong>LIBER</strong></span> <span class='ocrx_word' id='word_1_3' title='bbox 553 267 707 333; x_wconf 83' lang='lat' dir='ltr'><strong>xxvii.</strong></span> <span class='ocrx_word' id='word_1_4' title='bbox 735 265 838 331; x_wconf 75' lang='lat' dir='ltr'><strong>cir.</strong></span> <span class='ocrx_word' id='word_1_5' title='bbox 864 264 1024 331; x_wconf 81' lang='lat' dir='ltr'><strong>xxvii.</strong></span> <span class='ocrx_word' id='word_1_6' title='bbox 1143 259 1206 328; x_wconf 77' lang='lat'><strong>281·</strong></span> 
     </span>
    </p>
   </div>
   <div class='ocr_carea' id='block_1_2' title="bbox 61 369 1220 2357">
    <p class='ocr_par' dir='ltr' id='par_1_2' title="bbox 61 369 1220 2357">
     <span class='ocr_line' id='line_1_2' title="bbox 191 369 1212 479; baseline -0.007 -23"><span class='ocrx_word' id='word_1_7' title='bbox 191 369 347 457; x_wconf 80' lang='lat' dir='ltr'><strong>XXVII.</strong></span> <span class='ocrx_word' id='word_1_8' title='bbox 369 391 546 459; x_wconf 84' lang='lat' dir='ltr'><strong>Caeterum</strong></span> <span class='ocrx_word' id='word_1_9' title='bbox 565 384 751 456; x_wconf 86' lang='lat' dir='ltr'><strong>consulem</strong></span> <span class='ocrx_word' id='word_1_10' title='bbox 768 383 977 455; x_wconf 86' lang='lat' dir='ltr'><strong>Marcellum</strong></span> <span class='ocrx_word' id='word_1_11' title='bbox 995 395 1096 455; x_wconf 85' lang='lat' dir='ltr'><strong>tanta</strong></span> <span class='ocrx_word' id='word_1_12' title='bbox 1109 382 1212 479; x_wconf 91' lang='lat' dir='ltr'><strong>cupi-</strong></span> 
     </span>
     <span class='ocr_line' id='line_1_3' title="bbox 61 492 1212 592; baseline -0.002 -27"><span class='ocrx_word' id='word_1_13' title='bbox 61 546 63 550; x_wconf 82' lang='lat'>·</span> <span class='ocrx_word' id='word_1_14' title='bbox 156 497 247 566; x_wconf 90' lang='lat' dir='ltr'><strong>ditas</strong></span> <span class='ocrx_word' id='word_1_15' title='bbox 261 496 409 568; x_wconf 85' lang='lat' dir='ltr'><strong>tenebat</strong></span> <span class='ocrx_word' id='word_1_16' title='bbox 428 495 622 566; x_wconf 89' lang='lat' dir='ltr'><strong>dimicandi</strong></span> <span class='ocrx_word' id='word_1_17' title='bbox 636 520 719 566; x_wconf 89' lang='lat' dir='ltr'><strong>cum</strong></span> <span class='ocrx_word' id='word_1_18' title='bbox 731 492 949 580; x_wconf 83' lang='lat' dir='ltr'>Hannibale,</span> <span class='ocrx_word' id='word_1_19' title='bbox 963 507 1005 564; x_wconf 91' lang='lat' dir='ltr'><strong>ut</strong></span> <span class='ocrx_word' id='word_1_20' title='bbox 1022 516 1212 592; x_wconf 88' lang='lat' dir='ltr'><strong>nunquam</strong></span> 
     </span>
     <span class='ocr_line' id='line_1_4' title="bbox 73 602 1212 700; baseline -0.004 -22"><span class='ocrx_word' id='word_1_21' title='bbox 73 629 75 638; x_wconf 77' lang='grc'>’</span> <span class='ocrx_word' id='word_1_22' title='bbox 157 611 240 678; x_wconf 88' lang='lat' dir='ltr'><strong>satis</strong></span> <span class='ocrx_word' id='word_1_23' title='bbox 255 623 370 678; x_wconf 86' lang='lat' dir='ltr'><strong>castra</strong></span> <span class='ocrx_word' id='word_1_24' title='bbox 385 609 510 678; x_wconf 84' lang='lat' dir='ltr'><strong>castris</strong></span> <span class='ocrx_word' id='word_1_25' title='bbox 521 606 649 677; x_wconf 86' lang='lat' dir='ltr'><strong>collata</strong></span> <span class='ocrx_word' id='word_1_26' title='bbox 660 605 835 676; x_wconf 86' lang='lat' dir='ltr'><strong>crederet.</strong></span> <span class='ocrx_word' id='word_1_27' title='bbox 850 608 943 674; x_wconf 86' lang='lat' dir='ltr'><strong>Tum</strong></span> <span class='ocrx_word' id='word_1_28' title='bbox 954 628 1103 700; x_wconf 91' lang='lat' dir='ltr'><strong>quoque</strong></span> <span class='ocrx_word' id='word_1_29' title='bbox 1118 602 1212 673; x_wconf 82' lang='lat' dir='ltr'><strong>vello</strong></span> 
     </span>
     <span class='ocr_line' id='line_1_5' title="bbox 156 713 1215 815; baseline -0.006 -27"><span class='ocrx_word' id='word_1_30' title='bbox 156 719 344 815; x_wconf 83' lang='lat' dir='ltr'><strong>egrediens</strong></span> <span class='ocrx_word' id='word_1_31' title='bbox 363 719 506 814; x_wconf 84' lang='lat' dir='ltr'><strong>signum</strong></span> <span class='ocrx_word' id='word_1_32' title='bbox 526 717 625 788; x_wconf 83' lang='lat' dir='ltr'><strong>dedit</strong></span> <span class='ocrx_word' id='word_1_33' title='bbox 635 728 660 803; x_wconf 82' lang='lat'><strong>¹,</strong></span> <span class='ocrx_word' id='word_1_34' title='bbox 676 731 718 786; x_wconf 93' lang='lat' dir='ltr'><strong>ut</strong></span> <span class='ocrx_word' id='word_1_35' title='bbox 732 715 777 785; x_wconf 93' lang='lat' dir='ltr'><strong>ad</strong></span> <span class='ocrx_word' id='word_1_36' title='bbox 792 715 911 785; x_wconf 90' lang='lat' dir='ltr'><strong>locum</strong></span> <span class='ocrx_word' id='word_1_37' title='bbox 929 713 1032 786; x_wconf 88' lang='lat' dir='ltr'><strong>miles</strong></span> <span class='ocrx_word' id='word_1_38' title='bbox 1045 728 1137 784; x_wconf 86' lang='lat' dir='ltr'><strong>esset</strong></span> <span class='ocrx_word' id='word_1_39' title='bbox 1156 736 1215 809; x_wconf 86' lang='lat' dir='ltr'><strong>pa-</strong></span> 
     </span>
     <span class='ocr_line' id='line_1_6' title="bbox 156 821 1214 924; baseline -0.009 -25"><span class='ocrx_word' id='word_1_40' title='bbox 156 844 271 917; x_wconf 89' lang='lat' dir='ltr'><strong>ratus,</strong></span> <span class='ocrx_word' id='word_1_41' title='bbox 293 843 349 913; x_wconf 84' lang='lat' dir='ltr'><strong>ut,</strong></span> <span class='ocrx_word' id='word_1_42' title='bbox 373 831 402 897; x_wconf 92' lang='lat' dir='ltr'><strong>si</strong></span> <span class='ocrx_word' id='word_1_43' title='bbox 422 827 540 914; x_wconf 88' lang='lat' dir='ltr'><strong>collis,</strong></span> <span class='ocrx_word' id='word_1_44' title='bbox 559 830 598 896; x_wconf 93' lang='lat' dir='ltr'><strong>in</strong></span> <span class='ocrx_word' id='word_1_45' title='bbox 623 850 732 924; x_wconf 89' lang='lat' dir='ltr'><strong>quem</strong></span> <span class='ocrx_word' id='word_1_46' title='bbox 754 825 980 922; x_wconf 89' lang='lat' dir='ltr'><strong>speculatum</strong></span> <span class='ocrx_word' id='word_1_47' title='bbox 999 824 1121 908; x_wconf 71' lang='lat' dir='ltr'><strong>irent,</strong></span> <span class='ocrx_word' id='word_1_48' title='bbox 1137 821 1214 919; x_wconf 87' lang='lat' dir='ltr'><strong>pla-</strong></span> 
     </span>
     <span class='ocr_line' id='line_1_7' title="bbox 156 934 1213 1034; baseline -0.007 -24"><span class='ocrx_word' id='word_1_49' title='bbox 156 940 308 1027; x_wconf 87' lang='lat' dir='ltr'><strong>cuisset,</strong></span> <span class='ocrx_word' id='word_1_50' title='bbox 332 941 413 1010; x_wconf 85' lang='lat' dir='ltr'><strong>vasa</strong></span> <span class='ocrx_word' id='word_1_51' title='bbox 445 939 656 1034; x_wconf 84' lang='lat' dir='ltr'><strong>colligerent</strong></span> <span class='ocrx_word' id='word_1_52' title='bbox 676 962 721 1007; x_wconf 81' lang='lat' dir='ltr'><strong>ac</strong></span> <span class='ocrx_word' id='word_1_53' title='bbox 755 948 1005 1032; x_wconf 80' lang='lat' dir='ltr'><strong>sequerentur.</strong></span> <span class='ocrx_word' id='word_1_54' title='bbox 1033 934 1213 1028; x_wconf 82' lang='lat' dir='ltr'><strong>Exiguum</strong></span> 
     </span>
     <span class='ocr_line' id='line_1_8' title="bbox 156 1041 1215 1145; baseline -0.008 -26"><span class='ocrx_word' id='word_1_55' title='bbox 156 1051 273 1145; x_wconf 87' lang='lat' dir='ltr'><strong>campi</strong></span> <span class='ocrx_word' id='word_1_56' title='bbox 290 1063 372 1118; x_wconf 88' lang='lat' dir='ltr'><strong>ante</strong></span> <span class='ocrx_word' id='word_1_57' title='bbox 395 1063 507 1118; x_wconf 86' lang='lat' dir='ltr'><strong>castra</strong></span> <span class='ocrx_word' id='word_1_58' title='bbox 525 1062 602 1118; x_wconf 88' lang='lat' dir='ltr'><strong>erat</strong></span> <span class='ocrx_word' id='word_1_59' title='bbox 621 1076 630 1118; x_wconf 74' lang='grc' dir='ltr'><strong><em>ε</em></strong></span> <span class='ocrx_word' id='word_1_60' title='bbox 652 1048 736 1118; x_wconf 91' lang='lat' dir='ltr'><strong>inde</strong></span> <span class='ocrx_word' id='word_1_61' title='bbox 758 1047 941 1117; x_wconf 86' lang='lat' dir='ltr'><strong>incollem</strong></span> <span class='ocrx_word' id='word_1_62' title='bbox 962 1058 1084 1144; x_wconf 86' lang='lat' dir='ltr'><strong>aperta</strong></span> <span class='ocrx_word' id='word_1_63' title='bbox 1107 1041 1215 1115; x_wconf 90' lang='lat' dir='ltr'><strong>undi-</strong></span> 
     </span>
     <span class='ocr_line' id='line_1_9' title="bbox 157 1152 1214 1254; baseline -0.006 -26"><span class='ocrx_word' id='word_1_64' title='bbox 157 1183 229 1254; x_wconf 91' lang='lat' dir='ltr'><strong>que</strong></span> <span class='ocrx_word' id='word_1_65' title='bbox 255 1172 291 1228; x_wconf 92' lang='lat' dir='ltr'><strong>et</strong></span> <span class='ocrx_word' id='word_1_66' title='bbox 316 1175 509 1254; x_wconf 88' lang='lat' dir='ltr'><strong>conspecta</strong></span> <span class='ocrx_word' id='word_1_67' title='bbox 532 1157 671 1229; x_wconf 83' lang='lat' dir='ltr'><strong>ferebat</strong></span> <span class='ocrx_word' id='word_1_68' title='bbox 698 1161 766 1228; x_wconf 86' lang='lat' dir='ltr'><strong>via.</strong></span> <span class='ocrx_word' id='word_1_69' title='bbox 796 1157 961 1231; x_wconf 89' lang='lat' dir='ltr'><strong>Numidis</strong></span> <span class='ocrx_word' id='word_1_70' title='bbox 988 1152 1214 1252; x_wconf 79' lang='lat' dir='ltr'><strong>speculator,</strong></span> 
     </span>
     <span class='ocr_line' id='line_1_10' title="bbox 158 1263 1216 1366; baseline -0.002 -30"><span class='ocrx_word' id='word_1_71' title='bbox 158 1291 387 1363; x_wconf 84' lang='lat' dir='ltr'><strong>nequaqnam</strong></span> <span class='ocrx_word' id='word_1_72' title='bbox 409 1269 447 1337; x_wconf 88' lang='lat' dir='ltr'><strong>in</strong></span> <span class='ocrx_word' id='word_1_73' title='bbox 469 1293 569 1365; x_wconf 88' lang='lat' dir='ltr'><strong>spem</strong></span> <span class='ocrx_word' id='word_1_74' title='bbox 593 1283 700 1339; x_wconf 82' lang='lat' dir='ltr'><strong>tantae</strong></span> <span class='ocrx_word' id='word_1_75' title='bbox 723 1270 776 1338; x_wconf 88' lang='lat' dir='ltr'><strong>rei</strong></span> <span class='ocrx_word' id='word_1_76' title='bbox 800 1269 962 1366; x_wconf 89' lang='lat' dir='ltr'><strong>positus,</strong></span> <span class='ocrx_word' id='word_1_77' title='bbox 982 1263 1045 1336; x_wconf 89' lang='lat' dir='ltr'><strong>sed</strong></span> <span class='ocrx_word' id='word_1_78' title='bbox 1069 1266 1216 1360; x_wconf 85' lang='lat' dir='ltr'><strong>siquos</strong></span> 
     </span>
     <span class='ocr_line' id='line_1_11' title="bbox 155 1375 1217 1475; baseline -0.003 -30"><span class='ocrx_word' id='word_1_79' title='bbox 155 1402 283 1472; x_wconf 83' lang='lat' dir='ltr'><strong>vagos,</strong></span> <span class='ocrx_word' id='word_1_80' title='bbox 296 1376 419 1474; x_wconf 84' lang='lat' dir='ltr'><strong>pabuli</strong></span> <span class='ocrx_word' id='word_1_81' title='bbox 433 1394 494 1449; x_wconf 86' lang='lat' dir='ltr'><strong>aut</strong></span> <span class='ocrx_word' id='word_1_82' title='bbox 508 1377 692 1475; x_wconf 84' lang='lat' dir='ltr'><strong>lignorum</strong></span> <span class='ocrx_word' id='word_1_83' title='bbox 704 1403 809 1450; x_wconf 86' lang='lat' dir='ltr'><strong>causa</strong></span> <span class='ocrx_word' id='word_1_84' title='bbox 819 1378 991 1474; x_wconf 80' lang='lat' dir='ltr'><strong>longiusa</strong></span> <span class='ocrx_word' id='word_1_85' title='bbox 1000 1375 1122 1445; x_wconf 86' lang='lat' dir='ltr'><strong>castris</strong></span> <span class='ocrx_word' id='word_1_86' title='bbox 1137 1396 1217 1470; x_wconf 90' lang='lat' dir='ltr'><strong>pro·</strong></span> 
     </span>
     <span class='ocr_line' id='line_1_12' title="bbox 157 1481 1216 1587; baseline -0.006 -29"><span class='ocrx_word' id='word_1_87' title='bbox 157 1513 311 1583; x_wconf 75' lang='lat' dir='ltr'><strong>gressoS,</strong></span> <span class='ocrx_word' id='word_1_88' title='bbox 330 1504 476 1585; x_wconf 88' lang='lat' dir='ltr'><strong>possent</strong></span> <span class='ocrx_word' id='word_1_89' title='bbox 494 1492 678 1586; x_wconf 83' lang='lat' dir='ltr'><strong>excipere,</strong></span> <span class='ocrx_word' id='word_1_90' title='bbox 696 1492 842 1587; x_wconf 83' lang='lat' dir='ltr'><strong>signum</strong></span> <span class='ocrx_word' id='word_1_91' title='bbox 860 1489 940 1583; x_wconf 87' lang='lat' dir='ltr'><strong>dat,</strong></span> <span class='ocrx_word' id='word_1_92' title='bbox 955 1502 997 1558; x_wconf 90' lang='lat' dir='ltr'><strong>ut</strong></span> <span class='ocrx_word' id='word_1_93' title='bbox 1015 1487 1150 1582; x_wconf 88' lang='lat' dir='ltr'><strong>pariter</strong></span> <span class='ocrx_word' id='word_1_94' title='bbox 1170 1481 1216 1554; x_wconf 82' lang='lat' dir='ltr'><strong>ab</strong></span> 
     </span>
     <span class='ocr_line' id='line_1_13' title="bbox 157 1599 1216 1695; baseline -0.005 -25"><span class='ocrx_word' id='word_1_95' title='bbox 157 1602 231 1670; x_wconf 90' lang='lat' dir='ltr'><strong>suis</strong></span> <span class='ocrx_word' id='word_1_96' title='bbox 243 1601 397 1695; x_wconf 90' lang='lat' dir='ltr'><strong>quisque</strong></span> <span class='ocrx_word' id='word_1_97' title='bbox 410 1599 555 1671; x_wconf 84' lang='lat' dir='ltr'><strong>latebris</strong></span> <span class='ocrx_word' id='word_1_98' title='bbox 567 1602 803 1671; x_wconf 83' lang='lat' dir='ltr'><strong>exorirentur.</strong></span> <span class='ocrx_word' id='word_1_99' title='bbox 814 1604 898 1670; x_wconf 86' lang='lat' dir='ltr'><strong>Non</strong></span> <span class='ocrx_word' id='word_1_100' title='bbox 907 1612 991 1669; x_wconf 90' lang='lat' dir='ltr'><strong>ante</strong></span> <span class='ocrx_word' id='word_1_101' title='bbox 1004 1619 1216 1695; x_wconf 80' lang='lat' dir='ltr'><strong>apparuere,</strong></span> 
     </span>
     <span class='ocr_line' id='line_1_14' title="bbox 158 1708 1218 1809; baseline -0.006 -28"><span class='ocrx_word' id='word_1_102' title='bbox 158 1708 291 1804; x_wconf 93' lang='lat' dir='ltr'><strong>quibus</strong></span> <span class='ocrx_word' id='word_1_103' title='bbox 304 1709 420 1780; x_wconf 88' lang='lat' dir='ltr'><strong>obviis</strong></span> <span class='ocrx_word' id='word_1_104' title='bbox 431 1710 476 1781; x_wconf 89' lang='lat' dir='ltr'><strong>ab</strong></span> <span class='ocrx_word' id='word_1_105' title='bbox 491 1713 579 1809; x_wconf 83' lang='lat' dir='ltr'><strong>jugo</strong></span> <span class='ocrx_word' id='word_1_106' title='bbox 592 1715 671 1809; x_wconf 92' lang='lat' dir='ltr'><strong>ipso</strong></span> <span class='ocrx_word' id='word_1_107' title='bbox 688 1711 981 1809; x_wconf 81' lang='lat' dir='ltr'><strong>consurgendum</strong></span> <span class='ocrx_word' id='word_1_108' title='bbox 997 1724 1091 1797; x_wconf 88' lang='lat' dir='ltr'><strong>erat,</strong></span> <span class='ocrx_word' id='word_1_109' title='bbox 1106 1730 1218 1804; x_wconf 84' lang='lat' dir='ltr'><strong>quam</strong></span> 
     </span>
     <span class='ocr_line' id='line_1_15' title="bbox 158 1823 1219 1919; baseline -0.001 -29"><span class='ocrx_word' id='word_1_110' title='bbox 158 1823 388 1911; x_wconf 85' lang='lat' dir='ltr'><strong>circumiere,</strong></span> <span class='ocrx_word' id='word_1_111' title='bbox 409 1824 473 1918; x_wconf 91' lang='lat' dir='ltr'><strong>qui</strong></span> <span class='ocrx_word' id='word_1_112' title='bbox 489 1846 508 1891; x_wconf 83' lang='lat' dir='ltr'><strong>a</strong></span> <span class='ocrx_word' id='word_1_113' title='bbox 526 1838 629 1919; x_wconf 85' lang='lat' dir='ltr'><strong>tergo</strong></span> <span class='ocrx_word' id='word_1_114' title='bbox 647 1823 878 1895; x_wconf 88' lang='lat' dir='ltr'><strong>includerent</strong></span> <span class='ocrx_word' id='word_1_115' title='bbox 895 1825 988 1892; x_wconf 86' lang='lat' dir='ltr'><strong>viam</strong></span> <span class='ocrx_word' id='word_1_116' title='bbox 996 1832 1021 1890; x_wconf 83' lang='lat'><strong>².</strong></span> <span class='ocrx_word' id='word_1_117' title='bbox 1039 1826 1131 1891; x_wconf 88' lang='lat' dir='ltr'><strong>Tum</strong></span> <span class='ocrx_word' id='word_1_118' title='bbox 1148 1843 1219 1889; x_wconf 90' lang='lat' dir='ltr'><strong>un·</strong></span> 
     </span>
     <span class='ocr_line' id='line_1_16' title="bbox 96 1926 1218 2043; baseline -0.002 -43"><span class='ocrx_word' id='word_1_119' title='bbox 96 1939 100 1948; x_wconf 81' lang='grc'><strong>“</strong></span> <span class='ocrx_word' id='word_1_120' title='bbox 158 1932 267 2027; x_wconf 91' lang='lat' dir='ltr'><strong>dique</strong></span> <span class='ocrx_word' id='word_1_121' title='bbox 276 1955 410 2002; x_wconf 88' lang='lat' dir='ltr'><strong>omnes</strong></span> <span class='ocrx_word' id='word_1_122' title='bbox 429 1935 564 2018; x_wconf 80' lang='lat' dir='ltr'><strong>exorti,</strong></span> <span class='ocrx_word' id='word_1_123' title='bbox 585 1948 621 2003; x_wconf 89' lang='lat' dir='ltr'><strong>ct</strong></span> <span class='ocrx_word' id='word_1_124' title='bbox 635 1935 792 2006; x_wconf 86' lang='lat' dir='ltr'><strong>clamore</strong></span> <span class='ocrx_word' id='word_1_125' title='bbox 809 1931 952 2002; x_wconf 86' lang='lat' dir='ltr'><strong>sublato</strong></span> <span class='ocrx_word' id='word_1_126' title='bbox 972 1933 1149 2043; x_wconf 79' lang='lat' dir='ltr'><strong>impetum</strong></span> <span class='ocrx_word' id='word_1_127' title='bbox 1170 1926 1218 1999; x_wconf 89' lang='lat' dir='ltr'><strong>fe·</strong></span> 
     </span>
     <span class='ocr_line' id='line_1_17' title="bbox 158 2042 1216 2134; baseline -0.002 -23"><span class='ocrx_word' id='word_1_128' title='bbox 158 2063 250 2111; x_wconf 90' lang='lat' dir='ltr'><strong>cere.</strong></span> <span class='ocrx_word' id='word_1_129' title='bbox 277 2045 400 2131; x_wconf 87' lang='lat' dir='ltr'><strong>Quum</strong></span> <span class='ocrx_word' id='word_1_130' title='bbox 425 2044 529 2111; x_wconf 91' lang='lat' dir='ltr'><strong>inea</strong></span> <span class='ocrx_word' id='word_1_131' title='bbox 555 2043 646 2113; x_wconf 86' lang='lat' dir='ltr'><strong>valle</strong></span> <span class='ocrx_word' id='word_1_132' title='bbox 668 2042 836 2114; x_wconf 91' lang='lat' dir='ltr'><strong>consules</strong></span> <span class='ocrx_word' id='word_1_133' title='bbox 864 2056 1003 2124; x_wconf 85' lang='lat' dir='ltr'><strong>essent,</strong></span> <span class='ocrx_word' id='word_1_134' title='bbox 1030 2054 1073 2110; x_wconf 94' lang='lat' dir='ltr'><strong>ut</strong></span> <span class='ocrx_word' id='word_1_135' title='bbox 1094 2063 1216 2134; x_wconf 86' lang='lat' dir='ltr'><strong>neque</strong></span> 
     </span>
     <span class='ocr_line' id='line_1_18' title="bbox 158 2150 1220 2250; baseline -0.001 -30"><span class='ocrx_word' id='word_1_136' title='bbox 158 2150 308 2221; x_wconf 81' lang='lat' dir='ltr'><strong>evadere</strong></span> <span class='ocrx_word' id='word_1_137' title='bbox 328 2167 476 2248; x_wconf 87' lang='lat' dir='ltr'><strong>possent</strong></span> <span class='ocrx_word' id='word_1_138' title='bbox 491 2153 540 2223; x_wconf 90' lang='lat' dir='ltr'><strong>in.</strong></span> <span class='ocrx_word' id='word_1_139' title='bbox 551 2154 679 2250; x_wconf 83' lang='lat' dir='ltr'><strong>jugum</strong></span> <span class='ocrx_word' id='word_1_140' title='bbox 699 2164 917 2249; x_wconf 87' lang='lat' dir='ltr'><strong>occupatum</strong></span> <span class='ocrx_word' id='word_1_141' title='bbox 934 2151 980 2221; x_wconf 85' lang='lat' dir='ltr'><strong>ab</strong></span> <span class='ocrx_word' id='word_1_142' title='bbox 1007 2150 1130 2235; x_wconf 87' lang='lat' dir='ltr'><strong>hoste,</strong></span> <span class='ocrx_word' id='word_1_143' title='bbox 1149 2172 1220 2219; x_wconf 86' lang='lat' dir='ltr'><strong>nec</strong></span> 
     </span>
     <span class='ocr_line' id='line_1_19' title="bbox 158 2259 1220 2357; baseline 0.002 -28"><span class='ocrx_word' id='word_1_144' title='bbox 158 2274 344 2356; x_wconf 85' lang='lat' dir='ltr'><strong>receptum</strong></span> <span class='ocrx_word' id='word_1_145' title='bbox 359 2259 403 2330; x_wconf 88' lang='lat' dir='ltr'><strong>ab</strong></span> <span class='ocrx_word' id='word_1_146' title='bbox 421 2275 523 2357; x_wconf 84' lang='lat' dir='ltr'><strong>tergo</strong></span> <span class='ocrx_word' id='word_1_147' title='bbox 541 2264 777 2334; x_wconf 89' lang='lat' dir='ltr'><strong>circumventi</strong></span> <span class='ocrx_word' id='word_1_148' title='bbox 795 2263 972 2333; x_wconf 87' lang='lat' dir='ltr'><strong>haberent</strong></span> <span class='ocrx_word' id='word_1_149' title='bbox 983 2290 993 2350; x_wconf 75' lang='lat'><em>3</em></span> <span class='ocrx_word' id='word_1_150' title='bbox 1006 2260 1152 2349; x_wconf 33' lang='lat' dir='ltr'><strong>,extrahi</strong></span> <span class='ocrx_word' id='word_1_151' title='bbox 1171 2275 1220 2331; x_wconf 91' lang='lat' dir='ltr'><strong>ta·</strong></span> 
     </span>
    </p>
   </div>
   <div class='ocr_carea' id='block_1_3' title="bbox 158 2372 1220 2581">
    <p class='ocr_par' dir='ltr' id='par_1_3' title="bbox 158 2372 1220 2581">
     <span class='ocr_line' id='line_1_20' title="bbox 158 2372 1220 2474; baseline 0.001 -33"><span class='ocrx_word' id='word_1_152' title='bbox 158 2396 243 2442; x_wconf 91' lang='lat' dir='ltr'><strong>men</strong></span> <span class='ocrx_word' id='word_1_153' title='bbox 257 2372 391 2443; x_wconf 91' lang='lat' dir='ltr'><strong>diutius</strong></span> <span class='ocrx_word' id='word_1_154' title='bbox 404 2387 585 2444; x_wconf 86' lang='lat' dir='ltr'><strong>certamen</strong></span> <span class='ocrx_word' id='word_1_155' title='bbox 603 2377 800 2471; x_wconf 87' lang='lat' dir='ltr'><strong>potuisset,</strong></span> <span class='ocrx_word' id='word_1_156' title='bbox 817 2378 855 2445; x_wconf 91' lang='lat' dir='ltr'><strong>ni</strong></span> <span class='ocrx_word' id='word_1_157' title='bbox 869 2390 988 2474; x_wconf 83' lang='lat' dir='ltr'><strong>coepta</strong></span> <span class='ocrx_word' id='word_1_158' title='bbox 1006 2374 1052 2445; x_wconf 83' lang='lat' dir='ltr'><strong>ab</strong></span> <span class='ocrx_word' id='word_1_159' title='bbox 1063 2373 1220 2444; x_wconf 82' lang='lat' dir='ltr'><strong>Etruscis</strong></span> 
     </span>
     <span class='ocr_line' id='line_1_21' title="bbox 158 2480 1219 2581; baseline 0.004 -31"><span class='ocrx_word' id='word_1_160' title='bbox 158 2480 251 2578; x_wconf 76' lang='lat' dir='ltr'><strong>fuga.</strong></span> <span class='ocrx_word' id='word_1_161' title='bbox 263 2506 432 2578; x_wconf 85' lang='lat' dir='ltr'><strong>pavorem</strong></span> <span class='ocrx_word' id='word_1_162' title='bbox 457 2487 591 2556; x_wconf 75' lang='lat' dir='ltr'><strong>caeteris</strong></span> <span class='ocrx_word' id='word_1_163' title='bbox 609 2488 798 2581; x_wconf 88' lang='lat' dir='ltr'><strong>injecisset.</strong></span> <span class='ocrx_word' id='word_1_164' title='bbox 821 2491 905 2557; x_wconf 89' lang='lat' dir='ltr'><strong>Non</strong></span> <span class='ocrx_word' id='word_1_165' title='bbox 923 2500 1045 2556; x_wconf 87' lang='lat' dir='ltr'><strong>tamen</strong></span> <span class='ocrx_word' id='word_1_166' title='bbox 1064 2485 1219 2554; x_wconf 90' lang='lat' dir='ltr'><strong>omisere</strong></span> 
     </span>
    </p>
   </div>
   <div class='ocr_carea' id='block_1_4' title="bbox 159 2593 1283 2910">
    <p class='ocr_par' dir='ltr' id='par_1_4' title="bbox 159 2593 1283 2910">
     <span class='ocr_line' id='line_1_22' title="bbox 159 2593 1283 2693; baseline 0.004 -34"><span class='ocrx_word' id='word_1_167' title='bbox 159 2615 318 2687; x_wconf 83' lang='lat' dir='ltr'><strong>pugnam</strong></span> <span class='ocrx_word' id='word_1_168' title='bbox 332 2593 463 2664; x_wconf 90' lang='lat' dir='ltr'><strong>deserti</strong></span> <span class='ocrx_word' id='word_1_169' title='bbox 477 2595 524 2666; x_wconf 86' lang='lat' dir='ltr'><strong>ab</strong></span> <span class='ocrx_word' id='word_1_170' title='bbox 538 2600 696 2667; x_wconf 85' lang='lat' dir='ltr'><strong>Etruscis</strong></span> <span class='ocrx_word' id='word_1_171' title='bbox 708 2598 906 2693; x_wconf 85' lang='lat' dir='ltr'><strong>Fregellani</strong></span> <span class='ocrx_word' id='word_1_172' title='bbox 915 2594 942 2683; x_wconf 81' lang='lat'><strong>³,</strong></span> <span class='ocrx_word' id='word_1_173' title='bbox 957 2597 1074 2667; x_wconf 91' lang='lat' dir='ltr'><strong>donec</strong></span> <span class='ocrx_word' id='word_1_174' title='bbox 1088 2597 1219 2692; x_wconf 83' lang='lat' dir='ltr'><strong>integri</strong></span> <span class='ocrx_word' id='word_1_175' title='bbox 1281 2605 1283 2610; x_wconf 70' lang='lat'><strong><em>‘</em></strong></span> 
     </span>
     <span class='ocr_line' id='line_1_23' title="bbox 160 2699 1221 2802; baseline 0.005 -33"><span class='ocrx_word' id='word_1_176' title='bbox 160 2699 325 2769; x_wconf 90' lang='lat' dir='ltr'><strong>consules</strong></span> <span class='ocrx_word' id='word_1_177' title='bbox 350 2701 531 2773; x_wconf 89' lang='lat' dir='ltr'><strong>hortando</strong></span> <span class='ocrx_word' id='word_1_178' title='bbox 556 2707 698 2802; x_wconf 90' lang='lat' dir='ltr'><strong>ipsique</strong></span> <span class='ocrx_word' id='word_1_179' title='bbox 720 2732 765 2778; x_wconf 86' lang='lat' dir='ltr'><strong>ex</strong></span> <span class='ocrx_word' id='word_1_180' title='bbox 790 2721 893 2802; x_wconf 85' lang='lat' dir='ltr'><strong>parte</strong></span> <span class='ocrx_word' id='word_1_181' title='bbox 918 2705 1116 2801; x_wconf 85' lang='lat' dir='ltr'><strong>pugnando</strong></span> <span class='ocrx_word' id='word_1_182' title='bbox 1142 2730 1221 2774; x_wconf 89' lang='lat' dir='ltr'><strong>rem</strong></span> 
     </span>
     <span class='ocr_line' id='line_1_24' title="bbox 159 2808 1219 2910; baseline 0.007 -32"><span class='ocrx_word' id='word_1_183' title='bbox 159 2808 395 2880; x_wconf 83' lang='lat' dir='ltr'><strong>sustinebant.</strong></span> <span class='ocrx_word' id='word_1_184' title='bbox 412 2813 481 2882; x_wconf 83' lang='lat' dir='ltr'><strong>Sed</strong></span> <span class='ocrx_word' id='word_1_185' title='bbox 496 2827 686 2910; x_wconf 89' lang='lat' dir='ltr'><strong>postquam</strong></span> <span class='ocrx_word' id='word_1_186' title='bbox 698 2816 907 2886; x_wconf 78' lang='lat' dir='ltr'><strong>vulneratos</strong></span> <span class='ocrx_word' id='word_1_187' title='bbox 919 2814 1026 2886; x_wconf 88' lang='lat' dir='ltr'><strong>ambo</strong></span> <span class='ocrx_word' id='word_1_188' title='bbox 1042 2813 1219 2901; x_wconf 63' lang='lat' dir='ltr'><strong>consules</strong></span> 
     </span>
    </p>
   </div>
   <div class='ocr_carea' id='block_1_5' title="bbox 154 2978 1220 3920">
    <p class='ocr_par' dir='ltr' id='par_1_5' title="bbox 154 2978 1220 3920">
     <span class='ocr_line' id='line_1_25' title="bbox 194 2978 1219 3047; baseline 0.003 -19"><span class='ocrx_word' id='word_1_189' title='bbox 194 2981 254 3028; x_wconf 66' lang='lat' dir='ltr'><strong>Cur.</strong></span> <span class='ocrx_word' id='word_1_190' title='bbox 264 2979 371 3024; x_wconf 77' lang='lat' dir='ltr'><strong>xxvtt.</strong></span> <span class='ocrx_word' id='word_1_191' title='bbox 381 2994 402 3024; x_wconf 85' lang='lat'><strong>1.</strong></span> <span class='ocrx_word' id='word_1_192' title='bbox 413 2978 511 3042; x_wconf 80' lang='lat' dir='ltr'><strong>Signum</strong></span> <span class='ocrx_word' id='word_1_193' title='bbox 520 2981 601 3038; x_wconf 55' lang='lat' dir='ltr'><strong>dedic·</strong></span> <span class='ocrx_word' id='word_1_194' title='bbox 611 2983 666 3030; x_wconf 85' lang='lat' dir='ltr'><strong>vide</strong></span> <span class='ocrx_word' id='word_1_195' title='bbox 709 2981 765 3030; x_wconf 85' lang='lat' dir='ltr'><strong>fieri</strong></span> <span class='ocrx_word' id='word_1_196' title='bbox 777 2983 869 3047; x_wconf 82' lang='lat' dir='ltr'><strong>possit,</strong></span> <span class='ocrx_word' id='word_1_197' title='bbox 885 2983 955 3043; x_wconf 84' lang='lat' dir='ltr'><strong>jubet</strong></span> <span class='ocrx_word' id='word_1_198' title='bbox 964 2981 1001 3029; x_wconf 88' lang='lat' dir='ltr'><strong>ad</strong></span> <span class='ocrx_word' id='word_1_199' title='bbox 1010 2984 1088 3030; x_wconf 87' lang='lat' dir='ltr'><strong>locum</strong></span> <span class='ocrx_word' id='word_1_200' title='bbox 1102 2995 1180 3042; x_wconf 82' lang='lat' dir='ltr'><strong>stare,</strong></span> <span class='ocrx_word' id='word_1_201' title='bbox 1193 2984 1219 3031; x_wconf 92' lang='lat' dir='ltr'><strong>id</strong></span> 
     </span>
     <span class='ocr_line' id='line_1_26' title="bbox 158 3044 1220 3125; baseline 0.007 -22"><span class='ocrx_word' id='word_1_202' title='bbox 158 3056 189 3103; x_wconf 80' lang='lat' dir='ltr'><strong>ad</strong></span> <span class='ocrx_word' id='word_1_203' title='bbox 202 3055 247 3114; x_wconf 84' lang='lat' dir='ltr'><strong>IV,</strong></span> <span class='ocrx_word' id='word_1_204' title='bbox 260 3057 307 3118; x_wconf 79' lang='lat'><strong>39,</strong></span> <span class='ocrx_word' id='word_1_205' title='bbox 320 3072 345 3102; x_wconf 85' lang='lat' dir='ltr'><strong>n.</strong></span> <span class='ocrx_word' id='word_1_206' title='bbox 360 3072 382 3104; x_wconf 88' lang='lat'><strong>1.</strong></span> <span class='ocrx_word' id='word_1_207' title='bbox 394 3084 430 3104; x_wconf 83' lang='grc'><strong>.-</strong></span> <span class='ocrx_word' id='word_1_208' title='bbox 441 3060 475 3106; x_wconf 73' lang='lat' dir='ltr'><strong>Ut</strong></span> <span class='ocrx_word' id='word_1_209' title='bbox 484 3057 520 3104; x_wconf 83' lang='lat' dir='ltr'><strong>ad</strong></span> <span class='ocrx_word' id='word_1_210' title='bbox 529 3059 607 3105; x_wconf 84' lang='lat' dir='ltr'><strong>locum</strong></span> <span class='ocrx_word' id='word_1_211' title='bbox 621 3044 666 3108; x_wconf 82' lang='lat' dir='ltr'><strong>nii·</strong></span> <span class='ocrx_word' id='word_1_212' title='bbox 709 3072 758 3119; x_wconf 78' lang='lat' dir='ltr'><strong>eu,</strong></span> <span class='ocrx_word' id='word_1_213' title='bbox 769 3062 795 3108; x_wconf 85' lang='lat' dir='ltr'><strong>in</strong></span> <span class='ocrx_word' id='word_1_214' title='bbox 809 3077 855 3109; x_wconf 85' lang='lat' dir='ltr'><strong>suo</strong></span> <span class='ocrx_word' id='word_1_215' title='bbox 868 3077 990 3125; x_wconf 81' lang='lat' dir='ltr'><strong>quemque</strong></span> <span class='ocrx_word' id='word_1_216' title='bbox 1000 3061 1074 3110; x_wconf 89' lang='lat' dir='ltr'><strong>loco:</strong></span> <span class='ocrx_word' id='word_1_217' title='bbox 1092 3062 1129 3109; x_wconf 81' lang='lat' dir='ltr'><strong>ad</strong></span> <span class='ocrx_word' id='word_1_218' title='bbox 1138 3074 1220 3110; x_wconf 81' lang='lat' dir='ltr'><strong>autem</strong></span> 
     </span>
     <span class='ocr_line' id='line_1_27' title="bbox 160 3137 1219 3202; baseline 0.008 -20"><span class='ocrx_word' id='word_1_219' title='bbox 160 3137 269 3183; x_wconf 85' lang='lat' dir='ltr'><strong>les-esset</strong></span> <span class='ocrx_word' id='word_1_220' title='bbox 284 3148 403 3200; x_wconf 84' lang='lat' dir='ltr'><strong>paratus,</strong></span> <span class='ocrx_word' id='word_1_221' title='bbox 423 3138 448 3185; x_wconf 90' lang='lat' dir='ltr'><strong>h.</strong></span> <span class='ocrx_word' id='word_1_222' title='bbox 470 3153 491 3184; x_wconf 84' lang='lat' dir='ltr'><strong>c.</strong></span> <span class='ocrx_word' id='word_1_223' title='bbox 506 3137 537 3184; x_wconf 86' lang='lat' dir='ltr'><strong>ad</strong></span> <span class='ocrx_word' id='word_1_224' title='bbox 555 3149 665 3202; x_wconf 77' lang='lat' dir='ltr'><strong>tempus3</strong></span> <span class='ocrx_word' id='word_1_225' title='bbox 710 3141 1219 3200; x_wconf 80' lang='lat' dir='ltr'><strong>simirumvideatur‚memineriseamdem</strong></span> 
     </span>
     <span class='ocr_line' id='line_1_28' title="bbox 158 3216 1220 3287; baseline 0.007 -24"><span class='ocrx_word' id='word_1_226' title='bbox 158 3217 258 3275; x_wconf 85' lang='lat' dir='ltr'><strong>Doujat.</strong></span> <span class='ocrx_word' id='word_1_227' title='bbox 285 3216 386 3274; x_wconf 78' lang='lat' dir='ltr'><strong>Statim,</strong></span> <span class='ocrx_word' id='word_1_228' title='bbox 402 3217 566 3280; x_wconf 81' lang='lat' dir='ltr'><strong>quantocius,</strong></span> <span class='ocrx_word' id='word_1_229' title='bbox 582 3217 646 3265; x_wconf 83' lang='lat' dir='ltr'><strong>illico</strong></span> <span class='ocrx_word' id='word_1_230' title='bbox 656 3237 666 3275; x_wconf 93' lang='grc'><strong>,·</strong></span> <span class='ocrx_word' id='word_1_231' title='bbox 710 3218 913 3282; x_wconf 79' lang='lat' dir='ltr'><strong>significationem</strong></span> <span class='ocrx_word' id='word_1_232' title='bbox 924 3238 1009 3270; x_wconf 79' lang='lat' dir='ltr'><strong>omnes</strong></span> <span class='ocrx_word' id='word_1_233' title='bbox 1021 3222 1110 3269; x_wconf 81' lang='lat' dir='ltr'><strong>babere</strong></span> <span class='ocrx_word' id='word_1_234' title='bbox 1123 3239 1220 3287; x_wconf 85' lang='lat' dir='ltr'><strong>praepo·</strong></span> 
     </span>
     <span class='ocr_line' id='line_1_29' title="bbox 159 3293 1220 3365; baseline 0.011 -27"><span class='ocrx_word' id='word_1_235' title='bbox 159 3293 229 3341; x_wconf 83' lang='lat' dir='ltr'><strong>Crev.</strong></span> <span class='ocrx_word' id='word_1_236' title='bbox 246 3297 277 3341; x_wconf 82' lang='lat' dir='ltr'><strong>Ut</strong></span> <span class='ocrx_word' id='word_1_237' title='bbox 288 3295 325 3342; x_wconf 84' lang='lat' dir='ltr'><strong>ad</strong></span> <span class='ocrx_word' id='word_1_238' title='bbox 330 3294 503 3357; x_wconf 71' lang='lat' dir='ltr'><strong>speculandum</strong></span> <span class='ocrx_word' id='word_1_239' title='bbox 516 3295 582 3348; x_wconf 80' lang='lat' dir='ltr'><strong>miles</strong></span> <span class='ocrx_word' id='word_1_240' title='bbox 593 3312 614 3344; x_wconf 84' lang='lat' dir='ltr'><strong>e.</strong></span> <span class='ocrx_word' id='word_1_241' title='bbox 622 3314 665 3359; x_wconf 70' lang='grc' dir='ltr'><strong>μ,</strong></span> <span class='ocrx_word' id='word_1_242' title='bbox 711 3299 825 3357; x_wconf 83' lang='lat' dir='ltr'><strong>sitlones,</strong></span> <span class='ocrx_word' id='word_1_243' title='bbox 836 3316 889 3363; x_wconf 84' lang='lat' dir='ltr'><strong>quae</strong></span> <span class='ocrx_word' id='word_1_244' title='bbox 898 3312 992 3348; x_wconf 83' lang='lat' dir='ltr'><strong>motum</strong></span> <span class='ocrx_word' id='word_1_245' title='bbox 1000 3302 1220 3365; x_wconf 83' lang='lat' dir='ltr'><strong>exprimunt.Vide</strong></span> 
     </span>
     <span class='ocr_line' id='line_1_30' title="bbox 159 3373 1219 3442; baseline 0.012 -25"><span class='ocrx_word' id='word_1_246' title='bbox 159 3384 183 3418; x_wconf 84' lang='lat' dir='ltr'><strong>cr</strong></span> <span class='ocrx_word' id='word_1_247' title='bbox 199 3373 237 3429; x_wconf 83' lang='lat' dir='ltr'><strong>si,</strong></span> <span class='ocrx_word' id='word_1_248' title='bbox 255 3384 303 3421; x_wconf 87' lang='lat' dir='ltr'><strong>etc.</strong></span> <span class='ocrx_word' id='word_1_249' title='bbox 320 3373 416 3422; x_wconf 84' lang='lat' dir='ltr'><strong>emend.</strong></span> <span class='ocrx_word' id='word_1_250' title='bbox 435 3375 508 3422; x_wconf 84' lang='lat' dir='ltr'><strong>Doer.</strong></span> <span class='ocrx_word' id='word_1_251' title='bbox 529 3377 601 3423; x_wconf 83' lang='lat' dir='ltr'><strong>Forte</strong></span> <span class='ocrx_word' id='word_1_252' title='bbox 619 3375 667 3439; x_wconf 77' lang='lat' dir='ltr'><strong>leg.</strong></span> <span class='ocrx_word' id='word_1_253' title='bbox 711 3380 822 3442; x_wconf 87' lang='lat' dir='ltr'><strong>Interpp.</strong></span> <span class='ocrx_word' id='word_1_254' title='bbox 835 3378 868 3426; x_wconf 88' lang='lat' dir='ltr'><strong>ad</strong></span> <span class='ocrx_word' id='word_1_255' title='bbox 884 3379 944 3427; x_wconf 80' lang='lat' dir='ltr'><strong>Cres.</strong></span> <span class='ocrx_word' id='word_1_256' title='bbox 961 3381 991 3427; x_wconf 89' lang='lat' dir='ltr'><strong>de</strong></span> <span class='ocrx_word' id='word_1_257' title='bbox 1005 3383 1035 3428; x_wconf 88' lang='lat' dir='ltr'><strong>B.</strong></span> <span class='ocrx_word' id='word_1_258' title='bbox 1047 3382 1078 3430; x_wconf 89' lang='lat' dir='ltr'><strong>G.</strong></span> <span class='ocrx_word' id='word_1_259' title='bbox 1090 3384 1116 3439; x_wconf 87' lang='lat'><strong>1,</strong></span> <span class='ocrx_word' id='word_1_260' title='bbox 1130 3383 1175 3438; x_wconf 78' lang='lat'><strong>31,</strong></span> <span class='ocrx_word' id='word_1_261' title='bbox 1194 3394 1219 3430; x_wconf 85' lang='lat' dir='ltr'><strong>et</strong></span> 
     </span>
     <span class='ocr_line' id='line_1_31' title="bbox 159 3452 1220 3518; baseline 0.009 -20"><span class='ocrx_word' id='word_1_262' title='bbox 159 3452 195 3498; x_wconf 84' lang='lat' dir='ltr'><strong>ad</strong></span> <span class='ocrx_word' id='word_1_263' title='bbox 210 3465 314 3510; x_wconf 84' lang='lat' dir='ltr'><strong>motum,</strong></span> <span class='ocrx_word' id='word_1_264' title='bbox 333 3454 366 3500; x_wconf 87' lang='lat' dir='ltr'><strong>ad</strong></span> <span class='ocrx_word' id='word_1_265' title='bbox 385 3466 461 3502; x_wconf 80' lang='lat' dir='ltr'><strong>castra</strong></span> <span class='ocrx_word' id='word_1_266' title='bbox 477 3455 612 3512; x_wconf 80' lang='lat' dir='ltr'><strong>movenda,</strong></span> <span class='ocrx_word' id='word_1_267' title='bbox 625 3467 667 3503; x_wconf 83' lang='lat' dir='ltr'><strong>aut</strong></span> <span class='ocrx_word' id='word_1_268' title='bbox 712 3455 789 3503; x_wconf 87' lang='lat' dir='ltr'><strong>Gron.</strong></span> <span class='ocrx_word' id='word_1_269' title='bbox 810 3457 843 3504; x_wconf 79' lang='lat' dir='ltr'><strong>ad</strong></span> <span class='ocrx_word' id='word_1_270' title='bbox 863 3459 991 3516; x_wconf 71' lang='lat' dir='ltr'><strong>Lin&#39;VII,</strong></span> <span class='ocrx_word' id='word_1_271' title='bbox 1010 3475 1034 3518; x_wconf 83' lang='lat'><strong>7,</strong></span> <span class='ocrx_word' id='word_1_272' title='bbox 1053 3467 1077 3515; x_wconf 72' lang='grc'><strong>4,</strong></span> <span class='ocrx_word' id='word_1_273' title='bbox 1099 3463 1220 3511; x_wconf 83' lang='lat' dir='ltr'><strong>Caeterum</strong></span> 
     </span>
     <span class='ocr_line' id='line_1_32' title="bbox 159 3530 1220 3604; baseline 0.012 -29"><span class='ocrx_word' id='word_1_274' title='bbox 159 3530 195 3576; x_wconf 83' lang='lat' dir='ltr'><strong>ad</strong></span> <span class='ocrx_word' id='word_1_275' title='bbox 201 3543 286 3577; x_wconf 82' lang='lat' dir='ltr'><strong>nutum</strong></span> <span class='ocrx_word' id='word_1_276' title='bbox 291 3567 299 3589; x_wconf 89' lang='lat'><strong>,</strong></span> <span class='ocrx_word' id='word_1_277' title='bbox 311 3549 344 3579; x_wconf 79' lang='lat' dir='ltr'><strong>sc.</strong></span> <span class='ocrx_word' id='word_1_278' title='bbox 354 3533 425 3582; x_wconf 87' lang='lat' dir='ltr'><strong>militi</strong></span> <span class='ocrx_word' id='word_1_279' title='bbox 436 3533 557 3591; x_wconf 78' lang='lat' dir='ltr'><strong>dandum,</strong></span> <span class='ocrx_word' id='word_1_280' title='bbox 567 3534 590 3580; x_wconf 78' lang='lat' dir='ltr'><strong>si</strong></span> <span class='ocrx_word' id='word_1_281' title='bbox 599 3535 667 3583; x_wconf 83' lang='lat' dir='ltr'><strong>collis</strong></span> <span class='ocrx_word' id='word_1_282' title='bbox 711 3534 796 3582; x_wconf 86' lang='lat' dir='ltr'><strong>liviani</strong></span> <span class='ocrx_word' id='word_1_283' title='bbox 803 3537 854 3584; x_wconf 85' lang='lat' dir='ltr'><strong>loci</strong></span> <span class='ocrx_word' id='word_1_284' title='bbox 867 3537 999 3600; x_wconf 82' lang='lat' dir='ltr'><strong>explicatio</strong></span> <span class='ocrx_word' id='word_1_285' title='bbox 1009 3549 1046 3586; x_wconf 85' lang='lat' dir='ltr'><strong>cst</strong></span> <span class='ocrx_word' id='word_1_286' title='bbox 1054 3539 1121 3603; x_wconf 81' lang='lat' dir='ltr'><strong>apud</strong></span> <span class='ocrx_word' id='word_1_287' title='bbox 1130 3540 1220 3604; x_wconf 79' lang='lat' dir='ltr'><strong>Polyb.</strong></span> 
     </span>
     <span class='ocr_line' id='line_1_33' title="bbox 154 3609 1220 3687; baseline 0.017 -34"><span class='ocrx_word' id='word_1_288' title='bbox 154 3609 298 3671; x_wconf 83' lang='lat' dir='ltr'><strong>placuisset,</strong></span> <span class='ocrx_word' id='word_1_289' title='bbox 310 3611 367 3658; x_wconf 85' lang='lat' dir='ltr'><strong>satis</strong></span> <span class='ocrx_word' id='word_1_290' title='bbox 376 3624 532 3676; x_wconf 85' lang='lat' dir='ltr'><strong>opportunus</strong></span> <span class='ocrx_word' id='word_1_291' title='bbox 545 3614 592 3663; x_wconf 85' lang='lat' dir='ltr'><strong>sibi</strong></span> <span class='ocrx_word' id='word_1_292' title='bbox 600 3615 668 3662; x_wconf 81' lang='lat' dir='ltr'><strong>risus</strong></span> <span class='ocrx_word' id='word_1_293' title='bbox 711 3619 752 3674; x_wconf 83' lang='lat' dir='ltr'><strong>X,</strong></span> <span class='ocrx_word' id='word_1_294' title='bbox 775 3620 822 3675; x_wconf 80' lang='lat'><strong>31,</strong></span> <span class='ocrx_word' id='word_1_295' title='bbox 841 3619 886 3666; x_wconf 85' lang='lat' dir='ltr'><strong>ubi</strong></span> <span class='ocrx_word' id='word_1_296' title='bbox 898 3616 1019 3679; x_wconf 82' lang='lat' dir='ltr'><strong>jubentur</strong></span> <span class='ocrx_word' id='word_1_297' title='bbox 1036 3622 1125 3670; x_wconf 83' lang='lat' dir='ltr'><strong>milites</strong></span> <span class='ocrx_word' id='word_1_298' title='bbox 1140 3620 1220 3687; x_wconf 70' lang='grc' dir='ltr'><strong>μένειν</strong></span> 
     </span>
     <span class='ocr_line' id='line_1_34' title="bbox 160 3691 938 3764; baseline 0.013 -31"><span class='ocrx_word' id='word_1_299' title='bbox 160 3700 229 3735; x_wconf 83' lang='lat' dir='ltr'><strong>esset.</strong></span> <span class='ocrx_word' id='word_1_300' title='bbox 246 3715 280 3724; x_wconf 95' lang='lat'><em>-</em></span> <span class='ocrx_word' id='word_1_301' title='bbox 299 3691 349 3737; x_wconf 83' lang='lat' dir='ltr'><strong>Has</strong></span> <span class='ocrx_word' id='word_1_302' title='bbox 369 3707 454 3739; x_wconf 77' lang='lat' dir='ltr'><strong>omnes</strong></span> <span class='ocrx_word' id='word_1_303' title='bbox 471 3694 622 3754; x_wconf 81' lang='lat' dir='ltr'><strong>conjecturas</strong></span> <span class='ocrx_word' id='word_1_304' title='bbox 643 3706 668 3742; x_wconf 80' lang='lat' dir='ltr'><strong>et</strong></span> <span class='ocrx_word' id='word_1_305' title='bbox 711 3692 877 3764; x_wconf 78' lang='grc' dir='ltr'>κατὰχώραν.</span> <span class='ocrx_word' id='word_1_306' title='bbox 893 3698 938 3744; x_wconf 83' lang='lat' dir='ltr'><strong>En.</strong></span> 
     </span>
     <span class='ocr_line' id='line_1_35' title="bbox 160 3767 1217 3842; baseline 0.016 -31"><span class='ocrx_word' id='word_1_307' title='bbox 160 3767 371 3830; x_wconf 82' lang='lat' dir='ltr'><strong>interpretationes</strong></span> <span class='ocrx_word' id='word_1_308' title='bbox 380 3770 522 3833; x_wconf 78' lang='lat' dir='ltr'><strong>impugnare</strong></span> <span class='ocrx_word' id='word_1_309' title='bbox 534 3773 621 3823; x_wconf 81' lang='lat' dir='ltr'><strong>merito</strong></span> <span class='ocrx_word' id='word_1_310' title='bbox 631 3775 667 3821; x_wconf 83' lang='lat' dir='ltr'><strong>ri·</strong></span> <span class='ocrx_word' id='word_1_311' title='bbox 747 3791 772 3822; x_wconf 78' lang='lat' dir='ltr'><strong>a.</strong></span> <span class='ocrx_word' id='word_1_312' title='bbox 790 3776 868 3837; x_wconf 83' lang='lat' dir='ltr'><strong>Quia</strong></span> <span class='ocrx_word' id='word_1_313' title='bbox 887 3789 953 3842; x_wconf 76' lang='lat' dir='ltr'><strong>tergo</strong></span> <span class='ocrx_word' id='word_1_314' title='bbox 970 3777 1119 3827; x_wconf 81' lang='lat' dir='ltr'><strong>includerent</strong></span> <span class='ocrx_word' id='word_1_315' title='bbox 1135 3781 1217 3839; x_wconf 80' lang='lat' dir='ltr'><strong>uiam;</strong></span> 
     </span>
     <span class='ocr_line' id='line_1_36' title="bbox 160 3845 1194 3920; baseline 0.016 -29"><span class='ocrx_word' id='word_1_316' title='bbox 160 3845 231 3894; x_wconf 86' lang='lat' dir='ltr'><strong>detur</strong></span> <span class='ocrx_word' id='word_1_317' title='bbox 244 3845 456 3904; x_wconf 81' lang='lat' dir='ltr'><strong>mibiWalchius,</strong></span> <span class='ocrx_word' id='word_1_318' title='bbox 470 3851 572 3901; x_wconf 81' lang='lat' dir='ltr'><strong>Emend.</strong></span> <span class='ocrx_word' id='word_1_319' title='bbox 586 3850 612 3916; x_wconf 88' lang='lat' dir='ltr'><strong>p.</strong></span> <span class='ocrx_word' id='word_1_320' title='bbox 625 3855 667 3900; x_wconf 76' lang='lat'><strong>23.</strong></span> <span class='ocrx_word' id='word_1_321' title='bbox 712 3854 812 3903; x_wconf 74' lang='lat' dir='ltr'><strong>vidend</strong></span> <span class='ocrx_word' id='word_1_322' title='bbox 825 3858 973 3920; x_wconf 79' lang='lat' dir='ltr'><strong>11‚2,n.9.</strong></span> <span class='ocrx_word' id='word_1_323' title='bbox 1191 3866 1194 3871; x_wconf 76' lang='grc'>’</span> 
     </span>
    </p>
   </div>
   <div class='ocr_carea' id='block_1_6' title="bbox 159 3925 1216 4082">
    <p class='ocr_par' dir='ltr' id='par_1_6' title="bbox 159 3925 1216 4082">
     <span class='ocr_line' id='line_1_37' title="bbox 159 3925 1216 4001; baseline 0.019 -32"><span class='ocrx_word' id='word_1_324' title='bbox 159 3925 234 3972; x_wconf 86' lang='lat' dir='ltr'><strong>Jubet</strong></span> <span class='ocrx_word' id='word_1_325' title='bbox 248 3927 378 3974; x_wconf 80' lang='lat' dir='ltr'><strong>Marcellus</strong></span> <span class='ocrx_word' id='word_1_326' title='bbox 397 3927 485 3977; x_wconf 82' lang='lat' dir='ltr'><strong>milites</strong></span> <span class='ocrx_word' id='word_1_327' title='bbox 501 3943 599 3994; x_wconf 82' lang='lat' dir='ltr'><strong>paratos</strong></span> <span class='ocrx_word' id='word_1_328' title='bbox 617 3950 668 3981; x_wconf 84' lang='lat' dir='ltr'><strong>esse</strong></span> <span class='ocrx_word' id='word_1_329' title='bbox 749 3937 771 3982; x_wconf 84' lang='lat'><strong>3.</strong></span> <span class='ocrx_word' id='word_1_330' title='bbox 791 3935 831 3982; x_wconf 80' lang='lat' dir='ltr'><strong>Ab</strong></span> <span class='ocrx_word' id='word_1_331' title='bbox 850 3936 957 3983; x_wconf 85' lang='lat' dir='ltr'><strong>Etruscis</strong></span> <span class='ocrx_word' id='word_1_332' title='bbox 978 3937 1115 4001; x_wconf 73' lang='lat' dir='ltr'><strong>Fregellani</strong></span> <span class='ocrx_word' id='word_1_333' title='bbox 1120 3956 1130 3995; x_wconf 93' lang='lat'><em>;</em></span> <span class='ocrx_word' id='word_1_334' title='bbox 1152 3944 1216 3989; x_wconf 88' lang='lat' dir='ltr'><strong>conl.</strong></span> 
     </span>
     <span class='ocr_line' id='line_1_38' title="bbox 161 4003 863 4082; baseline 0.019 -32"><span class='ocrx_word' id='word_1_335' title='bbox 161 4004 189 4050; x_wconf 86' lang='lat' dir='ltr'><strong>ad</strong></span> <span class='ocrx_word' id='word_1_336' title='bbox 201 4003 420 4075; x_wconf 85' lang='lat' dir='ltr'><strong>proficiscendum,</strong></span> <span class='ocrx_word' id='word_1_337' title='bbox 430 4019 466 4067; x_wconf 80' lang='lat' dir='ltr'><strong>et,</strong></span> <span class='ocrx_word' id='word_1_338' title='bbox 481 4021 507 4058; x_wconf 89' lang='lat' dir='ltr'><strong>ut</strong></span> <span class='ocrx_word' id='word_1_339' title='bbox 520 4011 581 4058; x_wconf 86' lang='lat' dir='ltr'><strong>illud</strong></span> <span class='ocrx_word' id='word_1_340' title='bbox 595 4013 667 4060; x_wconf 84' lang='lat' dir='ltr'><strong>citius</strong></span> <span class='ocrx_word' id='word_1_341' title='bbox 711 4015 742 4062; x_wconf 80' lang='lat' dir='ltr'><strong>nd</strong></span> <span class='ocrx_word' id='word_1_342' title='bbox 755 4031 808 4082; x_wconf 82' lang='lat' dir='ltr'><strong>cap.</strong></span> <span class='ocrx_word' id='word_1_343' title='bbox 821 4017 863 4064; x_wconf 81' lang='lat'><strong>26.</strong></span> 
     </span>
    </p>
   </div>
   <div class='ocr_carea' id='block_1_7' title="bbox 0 0 1393 4574">
    <p class='ocr_par' dir='ltr' id='par_1_7' title="bbox 0 0 1393 4574">
     <span class='ocr_line' id='line_1_39' title="bbox 0 0 1393 4574; baseline 0 0"><span class='ocrx_word' id='word_1_344' title='bbox 0 0 1393 4574; x_wconf 95' lang='lat' dir='ltr'><strong> </strong></span> 
     </span>
    </p>
   </div>
  </div>
 </body>
</html>
