2768 4574
125 381 128 393 ¹
231 297 301 384 340
654 297 691 363 r.
726 295 861 365 121v11
1141 272 1276 386 ῢῐὲζέἷέῑ

226 420 363 518 thagini
381 417 427 489 ab
446 442 483 488 se
503 430 614 515 captae
633 428 774 514 captam
793 413 838 486 ab
857 439 901 485 eo
918 416 1071 512 Oringin
1093 435 1302 515 aequasset,

226 533 313 630 quia
334 545 371 602 et
390 528 506 600 hiems
529 525 707 616 instabat,
732 541 773 598 ut
795 549 863 597 nec
885 539 1025 598 tentare
1052 527 1190 617 GadeS,
1226 556 1302 614 nec

226 641 416 736 disjectum
434 638 566 735 passim
584 661 650 735 per
667 636 892 745 provinciam
913 637 1111 708 exercitum
1128 638 1301 721 Hasdru·

225 746 317 821 balis
329 747 528 820 consectari
537 747 724 845 posset,in
735 747 937 817 citeriorem
944 747 1152 845 Hispaniam
1161 773 1302 834 omnes

226 883 307 939 suas
328 859 449 957 copias
470 856 635 946 reduxit,
655 856 881 954 dimissisque
902 857 942 927 in
960 855 1114 931 hiberna
1134 859 1300 958 legioni-

224 967 312 1056 bus,
330 973 369 1039 L.
383 969 553 1066 Scipione
568 965 677 1039 fratre
691 972 843 1039 Romam
857 967 967 1039 misso
984 982 1020 1039 et
1036 974 1219 1043 Hannone
1231 970 1301 1045 ho-

223 1081 333 1150 stium
348 1080 566 1176 imperatore
593 1078 802 1174 caeterisque
821 1075 1005 1149 nobilibus
1022 1079 1191 1176 captivis,
1211 1082 1298 1181 ipse

223 1192 464 1259 Tarraconem
485 1187 670 1261 concessit.
692 1186 830 1258 Eodem
854 1211 952 1258 anno
976 1186 1096 1261 classis
1119 1214 1296 1282 romana,

222 1323 306 1369 cum
324 1296 525 1370 M.Valeri0
537 1296 684 1368 Laevino
705 1297 924 1395 proconsule
942 1320 986 1369 ex
1002 1284 1179 1389 Siciliain
1195 1299 1296 1375 Afri-

221 1432 300 1479 cam
311 1409 530 1497 transmissa,
544 1408 583 1478 in
591 1408 744 1479 uticensi
755 1406 1106 1506 carthaginiensique
1114 1435 1203 1508 agro
1215 1412 1293 1487 late

155 1598 158 1605 ,
219 1519 474 1616 populationes
488 1519 583 1590 lecit.
599 1519 777 1590 Extremis
789 1515 925 1590 finibus
934 1517 1293 1616 Carthaginiensium

220 1629 314 1700 circa
332 1630 408 1726 ipsa
426 1629 560 1700 moenia
577 1629 689 1700 Uticae
708 1626 835 1727 praedae
853 1643 940 1700 actae
958 1643 1055 1702 sunt.
1073 1634 1292 1728 Repetenti-

219 1738 290 1810 bus
310 1740 465 1811 Siciliam
482 1739 603 1810 classis
621 1740 753 1836 punica
776 1738 1025 1837 (septuaginta
1043 1753 1146 1810 erant
1167 1739 1293 1838 longae

217 1847 371 1943 naves2)
386 1849 555 1919 occurrit.
572 1852 708 1919 Decem
722 1863 758 1919 et
775 1862 914 1946 septem
926 1873 1034 1921 naves
1051 1874 1096 1921 ex
1109 1849 1152 1921 iis
1168 1865 1289 1948 captae

218 1971 321 2044 sunt,
341 1972 499 2052 quatuor
520 1958 558 2026 in
584 1955 658 2028 alto
681 1982 815 2029 mersae.
841 1962 973 2029 Caetera
998 1956 1078 2030 fusa
1099 1956 1292 2059 aufugam

218 2067 346 2138 classis.
376 2071 484 2138 Terra
507 2067 670 2163 marique
696 2068 814 2140 victor
837 2073 1021 2140 Romanus
1048 2093 1132 2139 cum
1151 2094 1293 2168 magna

217 2177 336 2246 omnis
363 2180 505 2274 generis
533 2177 652 2275 praeda
680 2177 879 2274 Lilybaeum
907 2181 1071 2278 repetit:
1094 2193 1174 2251 toto
1198 2182 1292 2257 inde

215 2286 306 2355 mari
326 2281 461 2383 pulsis³
477 2286 635 2357 hostiurn
652 2287 825 2375 navibus,
840 2289 961 2386 magni
973 2304 1197 2363 commeatus
1210 2287 1293 2365 fru-

216 2397 331 2466 menti
347 2401 500 2467 Romam
515 2395 689 2468 subvecti.
795 2466 799 2474 ,
1017 2416 1019 2420 “
1244 2400 1249 2409 “

262 2508 305 2576 V.
317 2506 497 2603 Principio
510 2507 638 2578 aestatis
651 2507 746 2602 ejus,
764 2532 836 2604 qua
850 2506 926 2579 haec
939 2523 1025 2579 sunt
1039 2522 1152 2606 gesta,
1164 2512 1200 2581 P.
1211 2512 1291 2585 Sul·

213 2615 329 2712 picius
355 2616 549 2713 proconsul
572 2631 608 2688 et
630 2617 770 2689 Attalus
795 2642 860 2690 rex
881 2641 996 2713 quum
1019 2618 1167 2714 AEginae,
1188 2621 1290 2693 sicut
1347 2646 1351 2652 ·

208 2738 297 2797 ante
312 2725 448 2797 dictum
463 2738 552 2814 est1,
568 2724 837 2812 hibernassent,
856 2732 1036 2798 Lemnum
1050 2725 1151 2815 inde,
1165 2728 1289 2824 classe

209 2839 354 2931 juncta,
367 2862 524 2908 romanae
539 2841 703 2936 quinque
718 2853 754 2910 et
768 2839 893 2937 viginti
907 2840 1210 2936 quinqueremes,
1229 2864 1290 2911 re·

212 2948 277 3043 giae
291 2947 457 3043 quinque¹
475 2963 513 3018 et
530 2950 695 3045 triginta,
709 2949 996 3023 transmiserunt.
1011 2954 1056 3020 Et
1070 2946 1286 3046 Philippus,

212 3051 270 3145 ut,
292 3080 357 3128 seu
374 3071 470 3129 terra
490 3083 555 3130 seu
579 3061 670 3131 mari
691 3058 837 3131 obviam
862 3058 1024 3131 eundum
1046 3057 1142 3129 hosti
1164 3056 1287 3147 foret,

212 3182 358 3262 paratus
382 3166 429 3237 ad
449 3191 576 3240 omnes
600 3183 751 3241 conatus
780 3184 889 3256 esset,
913 3171 990 3266 ipse
1008 3166 1287 3251 Demetriadem

210 3276 256 3346 ad
275 3301 373 3350 mare
390 3275 575 3353 descendit
593 3306 600 3350 :
616 3282 791 3352 Larissam
807 3278 903 3367 diem
921 3279 966 3350 ad
985 3277 1286 3353 conveniendum

212 3388 386 3458 exercitui
400 3387 545 3459 edixit2.
561 3391 733 3487 Undique
750 3389 796 3463 ab
812 3391 918 3462 sociis
933 3390 1130 3485 legationes
1146 3391 1285 3465 Deme

212 3573 253 3619 17,
262 3575 287 3615 n,
298 3559 321 3608 5.
329 3587 364 3596 —
374 3559 519 3626 Carthagini
525 3561 612 3611 Novae.
621 3564 719 3610 —Ten-
762 3579 813 3612 uon
824 3564 905 3612 minus
914 3574 983 3628 apte,
994 3563 1015 3610 si
1027 3562 1081 3610 haec
1089 3560 1164 3610 verbu
1171 3562 1286 3628 jungan-

209 3648 264 3684 tare
275 3637 375 3697 Gades,·
384 3639 441 3687 vide
451 3639 483 3687 ad
493 3642 544 3699 lx,
556 3641 589 3689 35
594 3676 602 3701 ,
615 3658 640 3688 n.
653 3657 674 3689 1.
683 3669 718 3678 -
762 3653 803 3689 tur
812 3659 868 3690 eum
877 3641 990 3690 subvecti.

209 3715 357 3780 Dissectum
367 3718 424 3766 vide
432 3719 464 3767 ad
472 3721 537 3767 XXI
542 3753 549 3779 ,
563 3728 649 3783 tosa.
659 3723 682 3768 3.
798 3724 859 3772 Car.
872 3723 904 3768 V.
921 3737 943 3768 1.
961 3720 1027 3768 Sicut
1045 3729 1103 3766 ante
1120 3717 1217 3768 dietum
1231 3734 1282 3781 est,

243 3810 268 3843 α.
280 3796 353 3843 LXX
358 3809 429 3845 eram
436 3798 515 3863 longae
523 3814 610 3856 arares,¹
622 3799 719 3847 vidend
762 3816 817 3866 sup.
830 3802 945 3860 nvn,
956 3795 997 3848 33.
1009 3799 1065 3845 Hoc
1078 3807 1104 3846 at
1114 3812 1186 3863 seqq.
1196 3801 1284 3867 capita

209 3873 286 3931 mo
299 3890 339 3935 17,
350 3879 376 3924 n}
387 3876 411 3925 5.
706 3875 708 3879 ’
762 3870 820 3937 6-8,
833 3879 865 3926 ad
877 3878 979 3927 verbum
991 3890 1062 3943 paene
1074 3890 1192 3940 expressa
1205 3894 1223 3926 e
1236 3878 1283 3927 Po

243 3951 267 3997 3.
289 3953 349 3999 Toto
368 3953 426 4002 inde
444 3956 509 4003 mari
526 3956 624 4020 pulsis,·
647 3956 717 4005 multi
760 3957 1002 4023 lybto,x,e1-43.

208 4030 278 4078 MSS.
295 4033 354 4078 Tuto
371 4031 429 4080 inde
442 4034 508 4082 mari
514 4069 521 4090 ,
538 4034 622 4094 jndice
640 4035 714 4084 Drak.
795 4053 820 4083 a.
830 4035 954 4085 Larissam
964 4035 1029 4083 diem
1039 4033 1075 4083 ad
1084 4034 1281 4087 conveniendum
