2768 4574
183 320 253 408 462
346 409 350 417 ¹
606 324 645 389 r.
678 323 816 390 mvn
1092 301 1215 418 titt?

183 444 288 530 tatis,
304 443 342 511 in
359 441 514 539 legatum
528 443 723 538 impetum,
738 440 923 513 lictoribus
938 445 1035 540 prius
1052 445 1240 542 indignum

185 554 224 622 in
251 551 401 622 modum
426 550 611 638 mulcatis,
638 551 801 623 faciunt:
826 567 903 623 tum
931 555 1066 650 ipsum,
1098 556 1143 626 ab
1169 558 1242 628 suis

184 664 424 760 interceptum
440 676 476 732 et
491 662 688 749 seclusum,
698 663 875 735 hostiliter
887 663 1063 753 lacerant,
1081 680 1117 737 et
1126 691 1241 764 prope

184 797 425 869 exsanguem,
451 796 539 843 naso
564 771 784 869 auribusque
805 774 996 861 mutilatis,
1016 776 1238 872 relinquunt.

183 885 245 955 llis
258 889 459 956 Messanam
476 884 668 971 nuntiatis,
688 885 824 980 Scipio,
841 898 921 981 post
935 909 1070 982 paucos
1084 885 1159 957 dies
1173 892 1242 958 Lo·

183 1016 263 1064 cros
280 992 405 1063 hexeri
423 989 629 1076 advectus³,
650 1018 763 1088 quum
780 1018 921 1064 causam
939 995 1101 1066 Pleminii
1121 1011 1157 1068 et
1176 1000 1242 1067 tri-

182 1102 366 1174 bunorum
383 1101 555 1190 audisset,
570 1103 745 1174 Pleminio
763 1129 857 1174 noxa
877 1105 1029 1177 liberato
1042 1107 1243 1204 relictoque

182 1214 220 1283 in
239 1212 401 1308 ejusdem
420 1212 490 1283 loci
508 1212 695 1309 praesidio,
712 1213 867 1284 tribunis
891 1215 1055 1287 sontibus
1074 1217 1242 1311 judicatis

181 1325 275 1394 etin
299 1323 442 1394 vincula
460 1323 654 1416 conjectis,
680 1336 720 1393 ut
739 1328 888 1394 Romam
910 1322 954 1393 ad
976 1339 1139 1395 senatum
1162 1329 1242 1398 mit·

181 1438 381 1521 terenturl,
396 1438 595 1504 Messanam
612 1448 721 1529 atquc
738 1433 823 1504 inde
838 1437 1028 1530 Syracusas
1039 1434 1154 1506 rediit.
1169 1437 1242 1508 Ple·

181 1544 314 1614 minius
326 1545 506 1640 impotens
517 1544 577 1613 irae
587 1539 612 1630 ⁵,
630 1543 827 1639 neglectam
843 1541 889 1613 ab
903 1544 1069 1639 Scipione
1084 1560 1119 1614 et
1134 1546 1241 1615 nimis

182 1653 308 1724 leviter
330 1653 437 1724 latam
464 1677 564 1724 suam
591 1653 758 1746 injuriam
783 1667 900 1738 ratus,
924 1678 992 1723 nec
1018 1679 1240 1750 quemquam

180 1766 354 1836 aestimare
372 1764 481 1834 alium
496 1787 573 1834 eam
589 1763 688 1833 litem
706 1788 829 1861 posse,
850 1764 919 1837 nisi
938 1764 1001 1859 qui
1016 1765 1239 1835 atrocitatem

179 1874 259 1969 ejus
282 1874 453 1970 patiendo
477 1875 658 1960 sensisset,
679 1872 846 1944 tribunos
865 1873 996 1944 attrahi
1016 1874 1060 1944 ad
1083 1899 1120 1945 se
1135 1876 1241 1968 jussit

180 1984 426 2081 laceratosque
440 1984 628 2071 omnibus,
649 2009 730 2081 quae
744 1987 818 2081 pati
831 2008 963 2081 corpus
978 1984 1093 2054 ullum
1109 1999 1240 2081 potest,

181 2074 364 2190 suppliciis
383 2093 581 2179 interfecit3
601 2118 670 2164 nec
688 2095 833 2164 satiatus
851 2097 1014 2164 vivorum
1037 2118 1164 2191 poena,
1184 2097 1241 2165 in-

179 2202 342 2297 sepultos
356 2200 541 2300 projecit⁶.
553 2204 665 2274 Simili
676 2203 888 2274 crudelitate
900 2220 936 2275 et
949 2207 989 2273 in
1004 2207 1240 2276 Locrensium

180 2311 360 2408 principes
375 2327 429 2382 est
447 2336 550 2396 usus,
570 2336 664 2408 quos
682 2311 728 2380 ad
744 2314 1017 2409 conquerendas
1034 2315 1083 2409 inj
1089 2316 1181 2385 urias
1194 2315 1241 2385 ad

181 2423 219 2490 P.
241 2422 446 2517 Scipionem
465 2418 648 2514 profectos
668 2419 821 2505 audivit,
847 2436 907 2508 et,
937 2447 1018 2518 quae
1046 2437 1150 2492 antea
1175 2448 1240 2520 per

181 2529 368 2601 libidinem
398 2543 507 2627 atque
537 2528 719 2598 avaritiam
746 2526 842 2599 foeda
867 2531 1031 2628 exempla
1059 2533 1096 2601 in
1123 2534 1240 2604 socios

178 2640 358 2725 ediderat,
390 2650 477 2710 tunc
506 2637 551 2708 ab
581 2640 633 2708 ira
662 2637 873 2736 multiplicia
905 2639 1060 2711 eder-ev:
1086 2640 1240 2721 infamiae

213 2885 237 2931 3».
255 2881 334 2948 Scipio
348 2885 437 2929 Locros
457 2880 542 2928 hexeri
558 2880 683 2936 advectus,
766 2880 789 2928 5.
808 2881 939 2928 Pleminius
948 2883 1064 2945 impotens
1073 2882 1116 2930 ἕνα
1120 2880 1195 2939 ,wide
1208 2883 1241 2930 ad

178 2965 330 3030 Syracruana
345 2962 466 3008 fortassis:
480 2959 597 3008 namhoc
611 2975 686 3022 genus
730 2960 780 3018 111,
791 2960 837 3018 36,
848 2977 873 3016 u.
887 2976 911 3006 a.
921 2960 1239 3019 -AEstimareeamlitem;

178 3044 276 3090 navium
298 3041 375 3104 magis
397 3042 424 3086 iu
446 3056 493 3086 usu
510 3050 561 3086 erat
579 3039 685 3094 Graecis,
730 3037 828 3086 vidend
839 3040 990 3098 XXXVIII,
1005 3040 1242 3099 55,n.5.-AEsti·

179 3137 251 3184 quam
261 3120 391 3177 Romanis3
405 3119 470 3165 Duk.
481 3118 553 3166 Conf.
569 3117 685 3164 Scheffer.
730 3116 885 3172 orambim,
898 3127 926 3163 ut
935 3129 1004 3165 notat
1012 3120 1082 3168 Crev.
1092 3130 1128 3166 est
1139 3120 1239 3183 proprie

178 3199 340 3263 debilium.
354 3199 392 3255 11,
404 3213 430 3253 a,
442 3207 466 3244 et
475 3195 550 3243 Periz.
561 3195 685 3242 adAElian.
729 3196 859 3244 decernere
872 3211 983 3258 quaenam
997 3199 1107 3260 pecuniae
1119 3214 1211 3245 summa
1225 3215 1239 3245 a

178 3279 210 3326 V.
223 3280 255 3326 Η.
266 3279 314 3336 VI,
327 3292 366 3322 12.
378 3279 486 3323 Heneres
499 3285 524 3321 et
537 3273 643 3337 hepteres
652 3274 686 3321 sic
731 3276 844 3324 damnato
863 3275 1010 3323 exsolvenda
1023 3277 1067 3333 sit,
1084 3279 1174 3325 sivein
1186 3278 1239 3341 pia-

178 3359 322 3406 dicebantur
331 3372 345 3402 a
355 3370 456 3402 numero
468 3353 590 3410 ordinum,
599 3353 687 3415 quibus
731 3353 812 3402 culum
823 3369 909 3412 noxae,
930 3355 981 3402 sive
996 3355 1028 3401 ad
1043 3357 1192 3403 resarcienda
1204 3357 1240 3403 in·

179 3437 238 3486 remi
261 3436 346 3482 structi
367 3445 450 3492 eraut;
474 3433 533 3478 Em.
558 3433 628 3480 Conf.
655 3432 687 3478 ad
729 3432 858 3480 commoda
875 3449 929 3495 quae
948 3434 1014 3480 illata
1032 3435 1080 3480 sibi
1093 3435 1124 3481 ab
1141 3452 1171 3482 eo
1188 3452 1239 3482 esse

177 3515 308 3571 mm,
335 3515 379 3568 30,
403 3528 429 3559 n.
447 3519 476 3568 t,
498 3522 523 3558 et
544 3511 685 3567 xxxvss,
729 3511 851 3575 quispiam
861 3523 984 3574 queratur.
998 3511 1240 3577 Hicfiguratesnmi-

179 3596 229 3653 23,
245 3611 272 3640 n.
284 3593 308 3640 5.
728 3600 770 3638 tur
780 3606 842 3654 pro,
854 3600 959 3637 statuere
969 3607 1066 3655 aequum
1076 3594 1178 3641 ultionis
1190 3609 1241 3640 mo-

214 3680 238 3727 t.
256 3675 288 3718 Ut
304 3672 407 3717 Romam
425 3668 462 3715 ad
478 3679 589 3715 senatum
608 3668 685 3714 mitte·
730 3669 852 3716 dumEn.

178 3762 280 3797 rentur:
304 3750 397 3812 «atqui
409 3748 463 3812 ipse
476 3763 523 3812 pro
540 3748 644 3811 imperio
658 3746 685 3792 in
764 3749 790 3795 6.
804 3747 1070 3813 Imepultosprojecit‚·
1088 3751 1155 3797 conf.
1168 3767 1240 3814 supra

178 3839 259 3875 sontes
272 3828 461 3876 animadvertere
474 3837 579 3890 poterat.
589 3824 684 3884 Credo,
729 3824 761 3871 ad
770 3827 795 3883 I,
811 3833 858 3886 49,
876 3841 901 3874 n.
911 3841 933 3873 1.

178 3907 201 3954 ei
219 3918 334 3954 nontam
349 3907 451 3954 militare
469 3905 597 3963 delictum,
613 3920 684 3966 quarn
766 3920 788 3964 7.
802 3905 842 3950 Ab
863 3905 902 3952 ira
920 3907 1062 3970 mrrltiplicia
1079 3907 1165 3963 edem
1183 3907 1240 3954 vide

177 3985 268 4033 crimen
286 3986 399 4033 adversus
416 3985 589 4049 rempublicam
609 3981 686 4029 abiis
731 3981 763 4029 ad
776 3985 801 4041 1,
822 3998 890 4041 1,n.
906 3985 930 4032 5.
952 4011 988 4020 —-
1012 3987 1114 4033 Invidiae
1129 3986 1242 4033 nonsibi

177 4063 308 4110 admissum
316 4065 395 4111 visum
403 4065 476 4112 fuisse
484 4086 504 4109 n·
516 4061 582 4110 an.
732 4061 804 4108 modo
814 4077 876 4119 esse,
891 4063 975 4111 odium
984 4066 1090 4112 nonsibi
1101 4066 1175 4112 modo
1187 4068 1239 4128 ipse
