2768 4574
542 315 703 381 LIBER
733 316 878 383 XXVI.
1174 311 1240 384 105

216 433 345 492 civitates
366 433 510 490 sociorum
532 435 697 511 veterisque
720 435 863 493 exercitus
885 435 1008 494 hiberna
1030 435 1099 493 adit.
1128 441 1243 494 Interea
1269 426 1272 433 ³

216 526 313 584 classis
324 527 441 604 punica,
453 546 488 584 ex
501 526 598 590 Sicilia
610 532 768 585 Tarentum
781 528 885 599 accita,
897 528 1004 586 claudit
1015 528 1131 607 quidem
1143 548 1243 587 omnes

216 620 253 692 ad
275 641 370 678 arcem
389 640 405 677 a
425 620 498 678 mari
520 620 629 692 aditus,
650 620 701 679 sed
724 640 793 678 mox
812 621 980 693 dimittitur,
1002 623 1070 699 quia
1088 623 1243 681 arctiorem

216 718 300 776 sociis
322 737 465 775 annonam
484 717 552 774 lacit
573 737 660 794 quam
680 716 766 775 hosti.
785 748 824 761 -
844 721 936 786 XXI,
954 720 996 774 Μ.
1013 716 1189 786 Marcellus,
1206 735 1243 773 ex

217 809 313 866 Sicilia
335 829 484 880 reversus,
504 809 665 887 triumphat
686 809 717 866 in
737 820 835 866 monte
853 808 982 878 Albano,
996 820 1025 865 et
1044 807 1112 866 inde
1132 807 1243 866 Urbem

218 921 309 960 ovans
332 903 394 960 init.
417 908 486 960 Post
508 902 569 979 ejus
589 903 800 979 profectionem
822 902 945 960 militum
966 902 996 959 in
1021 901 1174 979 provincia
1194 901 1244 959 illa

217 997 384 1055 relictorum
396 997 483 1055 animi
495 997 634 1067 inclinant
646 996 683 1054 ad
695 997 879 1068 seditionem,
890 1007 919 1053 et
931 995 1061 1052 civitates
1073 995 1185 1070 aliquot
1196 992 1246 1051 de-

217 1089 318 1148 ficiunt
338 1091 374 1148 ad
389 1096 493 1149 Poenos
510 1103 539 1146 et
555 1091 710 1163 Numidas,
723 1091 773 1168 qui
790 1089 864 1147 duce
881 1088 994 1147 Mutine
1009 1088 1155 1145 sociorum
1167 1105 1243 1154 from.

218 1201 302 1259 agros
318 1195 426 1240 urunt:
443 1182 494 1240 sed
508 1203 554 1240 res
570 1183 690 1241 afflictas
706 1183 832 1241 restituit
845 1187 886 1240 M.
902 1181 1055 1240 Cornelius
1070 1192 1189 1258 praetor.
1206 1211 1245 1224 -

218 1279 328 1347 XXII,
356 1281 390 1334 In
416 1277 538 1334 comitiis
564 1276 765 1335 consularibus
788 1276 981 1354 praerogativa
1007 1274 1153 1344 centuria,
1180 1292 1246 1350 quae

219 1373 253 1426 T.
264 1371 418 1428 Otacilium
429 1384 459 1428 ct
469 1376 502 1429 T.
511 1371 652 1429 Manlium
662 1376 843 1448 Torquatum
855 1370 1067 1439 declaraverat,
1080 1368 1136 1425 hoc
1148 1379 1247 1444 postu-

219 1462 296 1518 lante
319 1461 395 1520 redit
418 1463 449 1520 in
472 1463 641 1541 suffragium
670 1477 757 1541 atque
781 1469 822 1522 M.
845 1462 999 1521 Claudium
1024 1461 1195 1519 Marcellum
1217 1472 1246 1517 et

218 1559 260 1611 M.
270 1555 418 1614 Valerium
432 1557 580 1615 Laevinum
597 1558 729 1616 consules
750 1557 828 1615 dicit.
846 1590 883 1600 —
901 1559 1021 1626 XXIII,
1037 1553 1176 1612 Praetoria
1191 1552 1247 1609 ha-

218 1646 325 1706 bentur
338 1649 474 1708 comitia:
490 1651 552 1708 ludi
565 1651 750 1727 Apollinares
763 1650 794 1707 in
810 1662 983 1728 perpetuum
1000 1659 1160 1704 voventur:
1176 1664 1248 1721 pro-

219 1755 358 1800 curantur
373 1744 520 1820 prodigia,
536 1757 565 1802 et
579 1742 779 1803 sacerdotibus
792 1740 952 1800 demortuis
970 1739 1040 1796 novi
1055 1737 1246 1794 sufficiuntur.

143 1849 148 1860 ⁸
219 1865 259 1880 -
271 1837 387 1905 XXIV,
399 1840 440 1893 M.
448 1837 580 1894 Valerius
593 1835 728 1895 Laevinus
742 1855 808 1892 cum
823 1838 917 1912 Scopa
929 1845 957 1890 et
968 1830 1159 1900 Dorimacho,
1172 1828 1248 1906 prin-

220 1926 334 2004 cipibus
357 1930 537 2000 AEtolorum,
564 1930 632 1987 lacit
658 1929 769 2000 foedus,
791 1927 958 2003 bellumque
986 1941 1126 2002 prospere
1151 1932 1249 1978 movet

221 2017 358 2076 adversus
381 2019 547 2097 Philippum
568 2035 597 2079 et
620 2026 795 2079 Acarnanas.
819 2053 856 2063 -
878 2022 979 2088 XXV,
997 2022 1055 2076 Res
1075 2036 1092 2072 a
1112 2014 1249 2091 Philippo

221 2122 307 2184 gestae
319 2123 349 2166 et
359 2111 522 2186 conjuratio
534 2118 727 2170 Acarnanum.
742 2144 782 2156 -
798 2115 918 2180 XXVI,
932 2110 1067 2168 Laevinus
1079 2107 1249 2183 Anticyram

221 2213 383 2278 expugnat,
397 2215 427 2259 et
440 2201 579 2259 diuturno
595 2201 637 2259 ibi
651 2202 755 2260 morbo
769 2202 925 2278 implicitus
942 2204 1034 2259 serius
1053 2221 1104 2279 spe
1120 2201 1250 2267 omnium

220 2298 343 2352 Romam
363 2294 463 2352 venit:
484 2314 519 2351 eo
536 2313 608 2352 vero
628 2292 745 2352 absente
766 2294 921 2351 Marcellus
942 2293 1051 2371 collega
1068 2291 1139 2350 nihil
1161 2311 1192 2349 se
1213 2291 1250 2349 de

221 2385 370 2463 republica
382 2399 431 2444 aut
445 2386 600 2464 provinciis
612 2399 744 2444 acturum
757 2386 920 2464 profitetur.
938 2419 978 2430 -
995 2390 1130 2456 XXVII,
1149 2390 1250 2443 Incen-

222 2476 302 2535 dium
320 2482 420 2536 Romae
437 2479 532 2536 oritur
547 2479 704 2536 conflatum
723 2499 740 2536 a
764 2479 917 2556 Campanis
936 2477 1108 2555 juvenibus,
1121 2498 1249 2554 quorum

221 2584 355 2647 parentes
370 2592 387 2629 a
403 2578 440 2644 Q.
457 2573 561 2630 Fulvio
576 2573 670 2631 securi
685 2585 768 2630 erant
781 2572 918 2649 percussi.
935 2575 1151 2648 Campanorum
1165 2572 1250 2631 Sicu-

221 2661 376 2738 lorumque
389 2651 475 2742 legati
491 2669 613 2723 Romam
628 2663 749 2722 veniunt
762 2665 893 2740 questuri
909 2663 945 2720 de
964 2664 1061 2722 Fulvii
1075 2677 1104 2721 et
1120 2666 1251 2723 Marcelli
1345 2659 1348 2667 ’

223 2753 403 2811 crudelitate.
417 2760 614 2827 -xxv1113
631 2755 722 2814 Novis
742 2755 955 2832 magistratibus
976 2756 1135 2833 provinciae
1154 2756 1247 2833 legio·
1312 2777 1322 2795 ·

224 2862 332 2918 nesque
343 2844 717 2918 decernuntur—XXIX,
729 2847 826 2906 Sicilia
838 2849 978 2906 Marcello
993 2861 1022 2905 et
1035 2849 1117 2905 Italia
1132 2850 1250 2908 Laevino

224 2935 336 3008 evcnit;
351 2937 401 2994 sed
416 2940 546 2996 consules
559 2951 725 3016 permutant
736 2939 918 3017 provincias,
936 2939 1007 2996 moti
1023 2940 1149 3016 querelis
1164 2940 1251 2999 Sicu-

225 3028 328 3096 lorum.
345 3060 385 3072 -
398 3033 503 3101 XXX,
518 3031 556 3089 IIi
569 3032 600 3087 in
613 3045 715 3089 senatu
728 3045 864 3089 accusant
878 3032 1058 3089 Marcellum.
1072 3067 1114 3076 -
1129 3036 1250 3104 XXXI,

224 3125 253 3178 Is
268 3121 433 3200 respondet.
452 3155 488 3165 -
505 3127 643 3193 XXXII,
661 3123 708 3182 Illi
721 3123 845 3201 benigne
860 3121 897 3183 ab
913 3124 971 3182 hoc
986 3122 1179 3200 Patribusque
1194 3144 1251 3202 ap-

224 3214 370 3289 pellantur
388 3227 418 3272 et
437 3213 631 3272 dimittuntur.
648 3248 686 3258 -
699 3220 851 3289 XXXIII,
870 3221 1085 3296 Campanorum
1107 3218 1201 3276 oratio
1221 3218 1252 3276 in

225 3320 326 3390 senatu
346 3307 537 3366 miserabilior
555 3306 713 3384 duriorque
735 3328 829 3368 causa.
850 3345 890 3355 -
910 3315 1056 3386 XXXIV,
1074 3310 1122 3369 Ob
1136 3310 1254 3369 decreta
1318 3294 1322 3303 ¹

225 3408 341 3458 senatus
364 3401 396 3457 in
420 3401 540 3459 familias
559 3400 685 3478 singulas
704 3401 778 3459 facta
801 3404 959 3461 moestiores
978 3404 1143 3480 aliquanto,
1164 3423 1252 3481 quam

223 3495 348 3549 Romam
360 3513 480 3563 venere,
492 3492 652 3550 discedunt.
670 3525 708 3535 -
728 3497 860 3566 XXXV,
877 3497 1022 3568 Quoniam
1035 3496 1166 3575 pecunia·
1179 3497 1251 3555 nihil

227 3587 314 3642 estin
331 3587 450 3658 aerario,
464 3586 571 3663 privati
585 3606 622 3643 ex
638 3604 727 3643 censu
740 3585 950 3664 ordinibusque
966 3590 1087 3666 remiges
1102 3588 1172 3646 dare
1187 3608 1253 3647 curn

227 3677 371 3756 stipendio
387 3678 559 3755 cibariisque
567 3677 724 3756 jubentur,
738 3678 818 3756 quod
831 3680 978 3758 aegerrime
994 3682 1089 3739 serunt
1100 3682 1250 3740 homines:

193 3842 196 3845 .
227 3801 267 3811 —-
278 3774 425 3842 XXXVI,
444 3770 494 3828 sed
508 3776 626 3830 Patrrun
642 3773 775 3850 exemplo
792 3773 903 3830 incitati
917 3775 1048 3833 certatim
1065 3795 1184 3848 aurum,
1201 3795 1252 3833 ar-

228 3876 345 3939 gentum
362 3877 391 3921 ct
410 3885 447 3922 aes
464 3865 494 3922 in
510 3865 658 3942 publicum
676 3866 838 3923 conferunt.
858 3901 895 3908 -
915 3870 1081 3940 XXXVII,
1097 3874 1253 3927 Poenorum

227 3963 483 4035 Romanorumque
492 3978 597 4036 anceps
608 3979 672 4037 spes
682 3980 716 4017 ac
725 3971 832 4030 metus,
844 3958 965 4045 adversa
976 3961 1110 4020 secundis
1122 3974 1252 4039 aequante

229 4050 352 4109 fortuna.
367 4086 407 4097 —
420 4055 595 4121 XXXVIII,
609 4052 738 4112 Avaritia
756 4064 784 4109 et
804 4051 974 4117 crudelitate
993 4055 1163 4123 Hannibalis
1179 4053 1252 4113 aba·
1282 4082 1285 4089 ·
