2768 4574
1061 305 1080 343 A
1100 301 1124 341 C.
1139 305 1190 344 206.

141 330 208 401 362
569 331 606 396 T.
624 329 777 397 'LIVII
1063 364 1189 414 μω,

140 464 194 522 tes
208 474 270 520 eos
284 453 389 544 Mago
404 463 441 518 et
454 448 640 518 Masinissa
656 473 739 519 cum
754 448 854 517 omni
869 446 1032 541 equitatu
1048 448 1219 543 aggressi
1243 524 1247 530 ,

141 574 245 645 sunt3
263 557 541 654 turbassentque
558 561 782 643 munienteS,
801 559 838 627 ni
859 556 972 627 abditi
990 571 1073 654 post
1091 571 1218 628 tumu-

139 669 236 756 lum,
255 682 465 766 opportune
483 669 527 739 ad
549 669 585 739 id
603 671 798 772 posituml,
817 667 866 739 ab
879 669 1048 766 Scipione
1068 669 1218 761 equites

140 782 336 878 improviso
355 783 392 849 in
410 778 544 850 effusos
562 781 809 850 incurrissent.
828 781 873 850 Hi
891 778 1236 877 promptissimum·

142 916 344 987 quemque,
370 907 405 960 et
426 892 591 988 proxime
619 891 753 961 vallum
772 906 881 987 atque
905 892 943 960 in
964 891 1061 986 ipsos
1083 890 1216 959 muni-

141 1017 237 1072 tores
256 1003 414 1099 primum
436 1004 640 1090 invectum,
658 1001 807 1072 vixdum
828 1002 951 1099 praelio
969 1003 1080 1088 inito,
1100 998 1214 1072 fude-

140 1127 227 1182 runt
241 1140 249 1182 ε
263 1138 346 1182 cum
360 1113 512 1200 caeteris,
531 1114 594 1209 qui
613 1112 680 1183 sub
700 1113 809 1209 signis
823 1127 932 1207 atque
948 1112 1079 1182 ordine
1094 1111 1214 1208 agmi-

141 1223 198 1294 nis
222 1207 458 1310 incesserant,
481 1225 625 1318 longior
644 1239 679 1294 et
705 1223 768 1295 diu
790 1222 959 1321 ambigua
982 1247 1107 1320 pugna
1127 1221 1212 1293 fuit.

141 1333 212 1405 Sed
229 1358 342 1428 quum
361 1332 407 1403 ab
421 1332 638 1404 stationibus
651 1335 809 1430 primum
825 1331 1000 1430 expeditae
1019 1330 1215 1419 cohortes,

142 1442 273 1514 deinde
295 1469 339 1514 ex
359 1469 470 1541 opere
490 1431 636 1515 deducti
658 1445 807 1531 milites,
827 1458 936 1538 atque
957 1465 1055 1511 arma
1077 1465 1217 1539 capere

138 1555 228 1649 jussi
241 1556 362 1651 plures
378 1571 414 1626 et
432 1556 563 1653 integri
577 1551 710 1643 fessis5,
728 1578 974 1651 magnumque
985 1551 1059 1645 jam
1076 1574 1216 1646 agmen

142 1669 363 1734 armatorum
387 1691 407 1735 a
430 1667 554 1736 castris
577 1666 614 1734 in
639 1664 800 1762 praelium
827 1677 970 1750 rueret,
990 1677 1091 1758 terga
1108 1661 1217 1733 hau'd

145 1774 255 1845 dubie
274 1791 421 1847 vertunt
435 1779 537 1847 Poeni
550 1777 801 1873 Numidaeque.
821 1780 865 1846 Et
886 1776 1004 1872 primo
1023 1774 1218 1844 turmatim

142 1885 308 1972 abibant,
327 1886 417 1956 nihil
436 1903 587 1984 propter
601 1896 774 1984 pavorem
790 1884 1102 1957 festinationemve
1123 1907 1219 1954 con-

141 1993 229 2067 fusis
250 1996 440 2067 ordinibus
461 2024 469 2066 ι
489 1997 590 2082 dein,
610 2012 803 2095 postquam
826 1997 943 2065 acrius
964 1992 1098 2063 ultimis
1120 1993 1218 2064 inci-

142 2105 251 2176 debat
282 2112 486 2190 Romanus,
517 2132 637 2203 neque
666 2109 833 2179 sustineri
860 2109 1017 2204 impetus
1046 2118 1220 2201 poterat,

143 2214 231 2285 nibil
244 2216 318 2309 jam
332 2216 505 2287 ordinum
519 2241 716 2305 memores,
730 2218 879 2315 passim,
894 2241 966 2313 qua
981 2216 1114 2310 cuique
1134 2239 1221 2312 pro
1238 2310 1240 2315 .

143 2326 280 2395 ximum
298 2324 382 2414 fuit,
402 2328 440 2396 in
459 2326 582 2425 fugam
600 2327 851 2399 effunduntur.
871 2332 917 2397 Et
935 2347 1158 2422 quanquam*
1170 2351 1220 2396 eo

143 2435 266 2532 praelio
285 2436 509 2533 aliquantum
532 2453 567 2508 et
587 2439 759 2508 Romanis
775 2439 871 2507 aucti
889 2450 925 2506 et
947 2435 1129 2506 deminuti
1145 2436 1221 2506 ho-

144 2543 256 2616 stibus
268 2548 379 2617 animi
394 2563 511 2637 erant,
525 2563 648 2620 tamen
662 2571 850 2645 nunquam
865 2547 1004 2642 aliquot
1019 2546 1223 2642 insequen-

142 2753 198 2784 cum
210 2738 277 2785 omni
287 2740 394 2787 exercitu
407 2738 470 2804 (vid.
481 2745 505 2799 l,
522 2749 565 2798 14,
578 2758 602 2789 n.
612 2740 651 2805 t),
696 2756 770 2805 opere
780 2723 924 2788 munitionis
933 2735 1116 2803 etpraeHando;
1134 2739 1221 2786 Gron.

142 2827 167 2864 et
177 2816 290 2879 quidem,
300 2819 321 2865 si
335 2819 442 2884 Polybio
454 2819 514 2867 fides
528 2819 652 2876 habenda,
697 2821 738 2884 qui
749 2819 821 2867 etiam
831 2831 927 2877 monet,
944 2818 1044 2866 verbum
1058 2828 1144 2864 rueret
1156 2819 1223 2866 rese-

142 2912 198 2944 ctam
206 2898 278 2943 XLV
280 2899 339 2948 mill.
345 2899 417 2962 ped„
428 2900 538 2962 equitum
545 2902 583 2946 111
593 2899 652 2945 mill.
696 2899 799 2945 rendum
808 2898 840 2944 ad
851 2897 978 2962 expeditas
987 2895 1112 2952 cohortes,
1127 2895 1161 2943 ad
1170 2897 1221 2944 mi-

142 2975 211 3023 ldem
231 2978 321 3043 Polyb.
341 2977 414 3035 dicit,
439 2978 594 3040 Scipionem,
613 2994 651 3026 ca·
697 2978 795 3024 licesex
811 2994 883 3041 opere
899 2976 1025 3032 deductos,
1045 2983 1091 3022 etc.
1112 2974 1165 3022 Sed
1180 2975 1220 3024 ite

142 3055 198 3103 stris
211 3071 225 3102 n
238 3056 334 3103 Baecula
348 3057 438 3114 motis,
450 3057 589 3118 profectum
601 3073 652 3104 esse
696 3056 781 3104 saltem
787 3056 871 3103 Livius
879 3056 977 3102 inverso
985 3054 1119 3102 verborum
1125 3052 1222 3102 ordine

141 3133 232 3198 Ilipam'
245 3150 320 3199 opp,
333 3150 412 3199 prope
428 3133 496 3197 quod
514 3134 654 3181 Hasdrubal
698 3134 800 3183 dixisset
812 3135 900 3200 integri
912 3146 936 3182 et
948 3135 1030 3199 plures
1040 3131 1125 3198 sessis.
1146 3133 1220 3183 Hine

143 3211 289 3261 consederit.
432 3199 435 3205 ⁵
698 3224 778 3271 recte,
792 3208 891 3276 opinor,
904 3215 979 3261 Doer.
987 3223 1045 3278 post
1046 3210 1123 3276 fessis
1136 3229 1151 3260 e
1162 3213 1220 3276 qui-

168 3300 202 3360 Ιιε.
210 3291 246 3339 Ni
252 3292 332 3339 abditi
341 3293 373 3339 ab
381 3291 493 3356 Scipione
501 3293 592 3356 equites
598 3305 656 3357 post
698 3292 800 3340 busdam
811 3294 874 3341 MSS
888 3293 992 3341 inseruit
1002 3291 1123 3348 subirent,
1140 3292 1190 3339 etsi
1203 3311 1219 3340 a

142 3370 274 3426 tumulum,
290 3382 424 3434 opportune
439 3371 476 3419 ad
490 3371 518 3418 id
525 3371 648 3435 positum,
696 3371 808 3436 pluribus
828 3372 905 3420 abest.
924 3398 959 3409 -
976 3369 1134 3419 Vocabulum
1156 3372 1218 3419 sub-

142 3450 225 3498 situm.
239 3446 314 3498 Couf.
326 3451 357 3498 ad
372 3467 426 3515 cap.
439 3467 479 3512 17,
492 3467 517 3499 n.
529 3458 553 3506 4.
571 3453 652 3515 Oppo·
697 3452 771 3508 irent,
785 3451 852 3514 quod
871 3469 884 3499 a
900 3452 979 3499 Gron.
994 3449 1127 3514 expulsum
1143 3467 1220 3499 revo-

142 3527 215 3576 situm
243 3528 285 3594 (ut
305 3531 390 3589 XXV,
411 3531 455 3590 153
475 3532 583 3589 XXIX,
604 3532 651 3589 343
698 3531 763 3579 cavit
781 3532 854 3580 Crev.
876 3547 951 3593 quum
971 3529 1024 3576 sine
1044 3544 1074 3577 eo
1097 3539 1170 3576 curta
1191 3543 1219 3579 et

143 3607 247 3665 XXXI,
269 3609 319 3666 4⁸3
341 3610 398 3667 XL,
420 3608 470 3674 51)
495 3609 596 3658 Hearnii
616 3611 652 3667 D,
698 3610 801 3673 abrupta
813 3610 892 3656 oratio
901 3609 1033 3666 videretur,
1044 3606 1117 3655 Livio
1127 3608 1219 3657 obtru-

143 3685 212 3748 quod
224 3698 248 3734 et
260 3689 326 3749 conj.
339 3689 416 3735 Gron.
430 3688 549 3753 Polybius
563 3687 652 3746 tradit,
698 3689 768 3747 dere,
778 3687 878 3753 optimis
890 3689 952 3737 MSS
966 3687 1063 3745 invitis,
1072 3702 1126 3734 non
1137 3688 1219 3736 audet

143 3764 232 3813 multos
241 3768 372 3814 Poenorum
380 3769 473 3830 equites
483 3767 595 3831 delapsos
602 3784 653 3814 esse
698 3768 772 3815 Drak.
786 3770 831 3816 Eu.
848 3795 883 3804 -
899 3770 977 3832 Terga
991 3765 1061 3814 haud
1072 3765 1146 3813 dubie
1155 3783 1219 3816 ver·

143 3843 465 3905 equis‚Itomanorumvero
473 3847 588 3912 singulari
596 3848 654 3896 dex·
699 3859 767 3904 tunt;
784 3847 841 3894 vide
859 3847 891 3894 ad
914 3849 942 3904 Ι,
963 3861 998 3908 9,
1013 3861 1038 3892 u.
1053 3847 1076 3893 3.
1090 3872 1127 3881 —-
1142 3847 1219 3894 Nuu-

144 3923 238 3971 teritate
249 3942 280 3972 ex
291 3926 360 3988 equis
371 3927 495 3976 desiliisse.
699 3943 773 3988 qnam
778 3942 826 3990 per
833 3927 930 3989 aliquot
938 3925 983 3973 ins.
994 3925 1053 3972 diet.
1067 3924 1149 3972 codd.
1163 3926 1219 3975 fere

180 4001 204 4051 5.
221 4007 301 4067 Atque
315 4022 386 4051 arma
400 4021 487 4069 capere
496 4008 561 4072 jussi
572 4008 652 4068 plures
698 4010 782 4056 cuncti
798 4010 912 4073 ignorant
927 4008 956 4055 τὸ
978 4020 1120 4070 nunquam,
1144 4008 1217 4069 q¹10d

144 4091 168 4126 ot
182 4082 269 4145 integri
274 4084 360 4147 fessis,
380 4085 429 4140 his,
449 4087 492 4148 qui
510 4098 589 4134 eraut·
598 4087 654 4134 fessi
699 4098 867 4133 tamensensus
877 4085 1013 4132 necessario
1022 4083 1218 4148 flagitut‚1‘udioo
