2768 4574
158 339 282 444 ,ιμξςςξῑς
373 353 529 422 creua
558 350 677 431 xxv.
705 351 810 418 cir.
838 350 941 418 xvi.
1143 352 1188 443 ι,

130 480 207 548 veri
224 489 365 574 captus,
381 499 463 544 cum
478 470 665 543 lictoribus
684 495 724 540 ae
744 469 861 569 turma
875 470 1039 565 equitum
1049 479 1081 512 ¹⁰
1097 493 1190 540 eca-

130 587 211 658 stris
230 584 429 684 profectus,
449 585 540 655 duce
560 583 705 678 hospite
719 581 757 649 in
773 579 917 651 insidias
936 581 1190 678 praecipitatur.

130 704 257 768 Hostes
274 695 393 767 subito
414 695 550 782 exorti3
570 707 623 779 et,
642 716 689 760 ne
701 688 811 760 dubia
824 689 981 786 proditio
996 702 1106 776 esset,
1118 688 1191 759 Fla-

129 811 207 879 vius
225 808 279 879 his
294 833 331 878 se
347 806 507 902 adjungit
525 803 617 873 :tela
636 800 797 897 undique
811 800 848 868 iu
863 793 1063 870 Gracchum
1080 812 1190 894 atque

130 918 271 1014 equites
289 916 540 1010 conjiciuntur.
562 909 746 982 Gracchus
764 935 808 979 ex
825 933 921 1004 equo
941 908 1067 979 desilit.
1089 909 1190 980 Idem

113 1025 276 1097 ‘caeteros
299 1025 415 1096 facere
436 1021 561 1117 jubet,
584 1021 846 1121 hortaturque,
873 1024 935 1105 Ut,
957 1019 1059 1116 quod
1078 1045 1190 1090 unum

129 1120 307 1232 reliquum
312 1137 469 1225 fhrtuna
475 1135 621 1221 feeerit,
642 1132 683 1225 id
698 1131 928 1201 cohonestent
942 1135 1082 1198 virtute.
1099 1129 1191 1200 Reli-

129 1254 242 1341 quum
257 1232 378 1313 autem
393 1242 485 1339 quid
493 1265 568 1312 esse
576 1247 727 1340 paucis,
746 1266 770 1309 a
784 1238 1011 1310 multitudine
1025 1245 1062 1308 in
1076 1238 1190 1327 valle,

127 1352 215 1423 silva
228 1379 272 1423 ac
284 1353 464 1424 montibus
478 1367 595 1448 septa,
611 1357 853 1422 circumventis
857 1405 868 1437 ,
870 1353 1192 1449 proetermortem'?

81 1530 84 1535 .
128 1464 177 1534 td
188 1466 317 1555 referre
329 1475 372 1551 ¹¹,
388 1455 507 1534 uuum
514 1463 722 1559 praebentes
738 1486 889 1558 corpora
892 1485 1069 1558 pecorum
1082 1461 1191 1531 modo

129 1573 233 1663 inulti
253 1574 488 1661 trucidentur,
509 1599 575 1660 an,
600 1589 671 1643 toto
690 1577 813 1641 animo
832 1597 857 1639 a
868 1570 1045 1669 patiendo
1064 1596 1190 1668 exspe-

127 1685 331 1782 ctandoque
342 1701 468 1755 eventu
480 1690 517 1754 in
532 1690 703 1780 impetum
715 1698 824 1778 atque
840 1687 933 1751 iram
944 1705 1069 1767 suerso,
1084 1707 1193 1778 agen-

128 1809 177 1864 tes
195 1782 456 1893 audentesque,
467 1796 614 1894 perfusi
630 1794 789 1864 hostium
805 1818 947 1876 cruore,
968 1799 1061 1863 iuter
1074 1800 1191 1890 exspi-

127 1911 284 1975 rantium
312 1912 537 1976 inimicorum
568 1903 751 1975 cumulata
777 1928 953 2001 armaque
980 1919 1016 1973 et
1041 1928 1191 2001 corporo

127 2004 270 2082 cadant.
295 2018 483 2085 Lucanum
501 2014 727 2112 proditorem
751 2039 795 2083 ac
820 2016 1044 2109 trauffugam
1069 2040 1192 2086 omnes

118 2137 293 2217 peterent.
316 2127 391 2216 Qui
407 2149 489 2193 eam
507 2130 692 2194 victimam
705 2148 791 2219 prce
808 2148 847 2193 se
864 2122 917 2192 ad
928 2112 1063 2214 ¹inferos
1080 2130 1192 2194 misis-

126 2232 196 2318 set,
223 2257 306 2302 eum
326 2233 434 2304 decus
455 2239 629 2304 eximium
652 2240 904 2330 egregiumque
923 2232 1091 2304 solatium
1113 2224 1192 2304 sure

127 2347 234 2411 morti
249 2335 484 2441 inuenturum.
499 2349 600 2414 Inter
619 2342 693 2412 haec
711 2341 825 2429 dicta,
844 2340 1103 2438 paludamento
1122 2339 1192 2414 cir-⁴

126 2475 207 2521 cum
223 2452 350 2522 laevum
365 2453 552 2524 brachium
567 2454 708 2548 intorto
712 2461 743 2492 ¹²
756 2451 858 2546 (nam
869 2477 918 2522 ne
928 2465 1027 2522 scuta
1041 2451 1190 2547 quidem
1246 2508 1253 2522 .

127 2565 249 2631 Secum
272 2563 519 2659 extulerant),
539 2565 577 2632 in
598 2556 721 2632 hostes
740 2562 918 2658 impetum
937 2559 1031 2632 fecit.
1054 2563 1189 2658 Major,

125 2697 231 2767 quam
255 2661 322 2770 pro
347 2698 500 2772 numero
525 2673 735 2760 hominum,
760 2671 879 2773 editur
901 2696 1034 2769 pugna.
1061 2673 1190 2743 iaculis

126 2782 279 2851 maxime
298 2796 420 2878 aperta
435 2807 587 2881 corpora
604 2787 871 2865 Romanorum,
887 2794 941 2867 et,
955 2804 1069 2876 quum
1083 2776 1189 2850 undi-

127 2913 199 2985 que
219 2914 263 2960 ex
281 2889 468 2962 altioribus
485 2891 573 2962 locis
586 2892 623 2960 in
644 2915 766 2961 cavam
784 2888 914 2960 vallem
936 2889 1122 2983 conjectus
1136 2915 1188 2961 es·

164 3090 203 3120 ιι.
216 3073 250 3118 Id
261 3071 351 3137 referre
369 3072 439 3137 (vide
452 3072 484 3120 ad
496 3075 571 3132 VIII,
587 3075 633 3136 39,
678 3087 799 3138 pugnam
809 3075 866 3122 Ern.
877 3074 949 3122 Cous.
959 3075 1041 3122 Burni.
1050 3075 1082 3123 ad
1091 3077 1188 3127 Petron.

124 3169 150 3200 ιι.
167 3152 209 3218 3),
230 3162 310 3198 rurum
324 3151 460 3215 proebentes
480 3167 583 3214 corpora
602 3153 634 3200 ad
679 3168 700 3200 c.
717 3153 763 3208 80,
780 3164 805 3200 et
822 3153 901 3202 Schel.
914 3153 946 3201 ad
963 3155 1187 3220 Hygin.p.1030,

125 3232 231 3290 caedem,
244 3241 272 3278 ut
286 3247 339 3294 cap.
354 3231 393 3279 15.
407 3230 479 3279 Cous.
494 3219 635 3290 1V‚28,it
678 3243 738 3280 tom.
749 3233 788 3289 X,
797 3233 882 3297 Aniiq.
897 3250 958 3281 rom.
972 3259 1007 3270 -—
1019 3234 1106 3299 Major
1115 3252 1189 3298 quam

124 3311 170 3357 alia
183 3310 292 3373 exempla
305 3309 372 3373 apud
385 3312 463 3357 Gron.
473 3319 498 3356 et
510 3309 634 3356 Drakenb.
674 3326 722 3373 pro
732 3325 832 3358 numero
841 3311 976 3369 hominum,
983 3329 1085 3377 pagum
1098 3312 1149 3362 vid.
1159 3314 1191 3362 ad

121 3391 211 3435 'Utrum
215 3388 332 3451 presenti
340 3400 436 3452 ιονμονε
444 3386 506 3434 male
515 3386 571 3435 edd,
579 3399 635 3437 aute
679 3390 742 3444 vu,
758 3390 804 3447 33,
823 3407 849 3437 n.
867 3407 890 3439 a.
912 3417 947 3426 -
969 3391 1063 3438 iaculis
1081 3393 1190 3440 maxime

124 3468 202 3515 Grou.
214 3494 249 3502 ·-
265 3469 323 3514 Toto
338 3466 528 3514 animmerso.
547 3467 569 3512 A
583 3466 634 3530 ple·
680 3478 767 3530 aperta
779 3485 898 3533 corpora,
916 3468 1032 3517 obnoxia.
1051 3471 1135 3518 Dictio
1146 3472 1188 3520 de·

124 3545 204 3608 risque
212 3543 284 3592 codd.
294 3545 372 3607 iisque
382 3545 481 3609 optimis
491 3561 542 3592 vox
551 3544 634 3591 auimo
680 3556 775 3608 sumptu
796 3563 810 3594 ιι
830 3547 890 3595 ludo
911 3546 1071 3610 gladiatorio,
1091 3550 1117 3596 in
1138 3567 1189 3615 quo

124 3622 233 3680 exsulat;
248 3634 365 3685 praeterea
381 3639 445 3670 unus
461 3624 577 3671 enostris
594 3622 635 3670 dat
679 3624 741 3672 latus
752 3637 863 3688 apertum
872 3638 896 3673 et
907 3627 999 3673 nudum
1011 3626 1109 3686 dicitur,
1121 3631 1190 3692 quod
1278 3686 1282 3693 ,

122 3701 179 3757 toti,
192 3700 261 3769 quod
269 3701 391 3748 Gronovii
402 3703 564 3763 conjecturam
574 3718 634 3750 con·
678 3702 768 3750 ictibus
775 3715 854 3766 patet.
870 3705 907 3754 Cf.
917 3705 948 3751 ad
958 3706 1050 3765 XXII,
1066 3707 1111 3763 50,
1122 3724 1148 3756 n.
1159 3711 1187 3769 33

121 3779 215 3836 firmat,
229 3791 253 3826 et
264 3779 364 3827 suadere
371 3779 469 3828 videtur
478 3781 541 3829 hanc
551 3797 633 3829 emen·
677 3783 762 3836 XXV,
776 3783 821 3840 38,
834 3798 859 3828 n.
871 3797 884 3841 7
895 3800 902 3840 ;
919 3785 1033 3841 XXXII,
1045 3798 1087 3833 ιι.
1100 3787 1189 3834 Simili·
1249 3842 1252 3847 ¹

123 3860 264 3908 dationem:
276 3858 321 3904 toti
329 3875 345 3904 a
351 3858 510 3922 patiendo...
522 3860 560 3907 ,ιἰι
566 3893 626 3909 .....
678 3871 714 3908 ter
725 3872 862 3924 opportuna
876 3872 900 3909 et
914 3863 1026 3926 opposita
1040 3859 1106 3927 (scil.
1121 3865 1186 3915 hosti

122 3939 186 3986 iram
196 3936 269 3984 versi.
284 3937 329 3983 Eu.
677 3955 705 3985 ac
718 3937 754 4001 vi)
768 3938 897 4003 dicuntur;
910 3942 966 3988 vide
979 3941 1010 3988 ad
1019 3944 1031 3988 Ι
1040 3975 1047 3999 ,
1061 3943 1106 4003 54,
1119 3961 1144 3992 ιι.
1156 3954 1186 4002 4,·

155 4034 195 4064 12.
205 4015 382 4063 paludamento
390 4014 480 4063 circum
488 4017 571 4063 leuem
579 4018 633 4064 bra·
677 4027 701 4063 et
712 4018 826 4074 XXXII,
843 4033 977 4076 21,n.12.
996 4047 1031 4056 -
1047 4023 1182 4087 conjectus,

122 4095 201 4143 ellium
215 4095 316 4150 intorto,
328 4091 396 4155 quod
407 4092 461 4141 fleri
473 4095 566 4144 solebat
577 4106 633 4143 ante
677 4095 812 4156 substant,
830 4097 909 4156 jacim
930 4099 1050 4157 telorum
1069 4102 1186 4166 Ddering.
