2768 4574
191 312 261 399 ist
613 317 652 383 r.
683 317 823 384 mvn
1099 295 1221 407 atti:

190 443 299 506 citum
314 441 351 504 in
363 438 528 524 Asiicam
542 437 748 529 trajecisset,
754 432 931 529 perculsis
947 432 1248 526 Carthaginiensi-

191 545 272 629 bus,
286 544 450 640 Sppbace
463 544 633 640 impedito
633 547 805 639 finitimis
817 542 917 613 bellis
922 596 933 629 ,
953 567 1060 639 quern
1075 548 1248 613 incertum

190 655 327 724 haerere
335 648 363 739 ³;
384 658 418 722 si
432 658 589 749 spatium
615 654 668 723 ud
688 679 775 739 sua,
810 670 850 723 ut
867 652 972 739 velit,
996 654 1249 749 componenda

189 765 302 848 detur,
322 761 416 832 nibil
423 763 652 857 sincerafide
665 788 747 833 cum
760 758 934 833 Romanis
948 779 1122 833 acturum.
1149 767 1249 832 Hor-

188 889 324 944 taretur
337 888 373 942 et
381 873 807 970 stimularetScipionem,
824 899 869 943 ne
884 889 1045 944 cessaret.
1059 877 1118 959 Se,
1133 898 1249 969 quan-

188 1008 300 1081 quam
327 1009 436 1080 regno
458 983 590 1080 pulsus
614 1000 718 1069 esset,
749 1009 831 1055 curn
857 984 962 1056 baud
981 984 1249 1054 contemnendis

188 1101 299 1192 copiis
312 1098 514 1187 affuturum
520 1095 689 1191 pediturn
702 1100 952 1191 equitumque:
968 1119 1033 1165 nec
1050 1099 1121 1189 ipsi
1133 1093 1248 1163 Laelio

189 1206 406 1275 morandum
421 1211 458 1274 in
471 1205 601 1294 Africa
614 1228 707 1290 esse,·
722 1204 871 1274 classem
889 1205 1031 1274 credere
1041 1207 1248 1300 profectum

188 1343 213 1384 a
232 1315 467 1410 Cartbagine,
489 1339 571 1383 curn
587 1340 680 1410 qua,
703 1314 850 1384 absente
867 1318 1047 1409 Scipione,
1066 1338 1139 1383 non
1159 1320 1254 1384 sotis·

188 1440 303 1493 tutum
319 1447 394 1492 esse
410 1423 576 1493 contrabi
591 1439 779 1493 certarnen.

236 1538 276 1603 V.
317 1533 372 1604 Ab
402 1532 472 1604 hoc
504 1558 670 1604 sermone
706 1534 851 1605 dimisso
889 1536 1089 1621 Masinissa,
1119 1535 1249 1606 Laelius

191 1659 337 1742 postero
355 1644 412 1714 die
436 1668 544 1715 naves
564 1644 683 1741 praeda
703 1657 851 1714 onustas
870 1643 915 1714 ab
933 1645 1102 1741 Hippone
1123 1645 1248 1730 solvit,

189 1771 426 1852 revectusque
452 1756 490 1823 in
514 1755 668 1824 Siciliam
690 1753 857 1825 mandata
874 1756 1066 1825 Masinissae
1088 1755 1248 1850 Scipioni

189 1867 365 1962 exposuit.
391 1863 535 1934 Eisdem
556 1862 669 1935 ferme
688 1864 816 1936 diebus
837 1889 966 1951 naves,
984 1888 1064 1960 quse
1091 1862 1137 1933 ab
1160 1868 1246 1934 Car·

188 1975 334 2071 tha'gine
357 1976 403 2045 ad
425 1979 616 2071 Magonem
641 1976 755 2046 missae
780 1989 898 2062 erant,
917 1976 1032 2045 inter¹
1051 1973 1248 2070 Albingau-

189 2110 257 2155 nos
272 2088 419 2181 Ligures
435 2090 674 2181 Genuamque
689 2099 925 2156 accesserunt.
945 2090 988 2153 In
1004 2083 1046 2153 iis
1065 2083 1152 2154 locis
1166 2098 1245 2152 tum

188 2191 281 2265 forte
301 2199 407 2291 Mago
427 2195 577 2266 tenebat·
599 2195 771 2266 classem:
794 2197 872 2290 qui,
896 2195 1095 2290 legatorum
1116 2193 1247 2264 auditis

189 2302 323 2389 verbis,
345 2303 551 2399 jubentium
573 2305 751 2376 exercitus
771 2328 880 2400 quam
901 2304 1076 2373 maximos
1098 2326 1246 2399 compa·

187 2435 283 2496 rare,
296 2411 478 2507 extemplo
488 2412 676 2482 Gallorum
690 2426 726 2482 et
734 2414 907 2508 Ligurum
921 2416 1098 2507 (namque
1110 2413 1245 2483 utrius·

188 2547 260 2617 que
279 2525 396 2619 gentis
414 2523 540 2618 ingens
565 2519 616 2591 ibi
636 2521 832 2593 multitudo
851 2521 944 2617 erat)
965 2523 1158 2592 concilium
1181 2523 1244 2593 ha·

189 2632 279 2704 buit.
298 2638 349 2702 Et
361 2639 508 2703 missum
525 2658 564 2703 se
582 2634 635 2702 ad
645 2657 705 2702 eos
718 2632 957 2711 uindicandos
971 2640 1008 2703 in
1027 2633 1245 2722 libertatem,

190 2744 258 2832 ait,
278 2760 331 2831 et,
354 2761 395 2814 ut
410 2750 480 2840 ipsi
496 2760 659 2832 cernant,
679 2750 773 2814 mitti
781 2744 853 2815 sibi
866 2744 915 2813 ab
933 2745 1041 2814 domo
1046 2745 1228 2842 prasidio
1234 2774 1248 2830 ,-

189 2854 257 2924 sed
265 2908 275 2940 ,
298 2860 442 2950 quantis
458 2855 613 2942 uiribus,
636 2872 773 2952 quanto
797 2863 954 2937 exercitu
973 2857 1014 2926 id
1036 2855 1168 2927 bellurn
1185 2882 1245 2952 ge·

190 2981 301 3050 ratur,
323 2972 359 3034 in
387 2990 511 3035 eorum
528 2982 710 3062 potestate
735 2992 818 3037 esse.
850 2973 953 3038 Duos
983 2972 1159 3038 exercitus
1186 2994 1246 3038 ro·

190 3099 327 3160 munos,
339 3100 452 3145 unum
468 3080 505 3144 in
519 3074 654 3162 Gallia,
674 3075 825 3148 alterurn
840 3084 877 3147 in
890 3082 1038 3148 Etruria
1053 3102 1145 3148 esse:
1160 3085 1248 3148 satis

223 3276 246 3320 3.
269 3275 344 3335 Quem
367 3275 483 3322 incertum
504 3274 609 3332 harere,
628 3293 694 3324 nunc
739 3277 1171 3343 puloLiguriae3vid.Strnb.IV‚6‚
1186 3295 1247 3339 1,2,

188 3351 261 3398 etiam
271 3352 410 3417 ambiguum
424 3370 475 3401 esse
487 3353 595 3412 dicebat,
605 3366 629 3402 et
638 3372 694 3403 con·
736 3374 793 3422 pag.
808 3373 866 3405 202.
882 3359 949 3404 Inter
960 3357 1128 3422 Albingaunos
1147 3358 1247 3422 Ligures

186 3443 268 3495 ceptus
281 3431 420 3481 inlnncitias
433 3433 597 3492 dissimulata
614 3435 691 3483 Gnon.
738 3436 897 3500 Genuamque
918 3435 991 3483 sitnm
1015 3452 1090 3500 opp,
1109 3440 1247 3494 Savonsrn,

188 3510 263 3570 Quem
276 3521 367 3557 certum
381 3510 480 3559 baberet
490 3510 552 3577 (vid.
565 3515 691 3572 xxxvl,
736 3527 887 3562 accesserunt
910 3515 995 3580 (conf.
1009 3516 1136 3573 XXVIII,
1157 3517 1204 3574 46,
1221 3528 1246 3564 et

187 3592 235 3646 ²8,
249 3606 274 3638 n.
288 3588 503 3652 3).....acturum
521 3604 570 3640 tres
588 3595 650 3640 MSS
668 3604 691 3639 et
735 3595 833 3644 Cluver.
844 3595 898 3642 Ital.
909 3596 996 3651 Anti,
1008 3611 1037 3656 9,
1049 3592 1140 3658 p.68):
1152 3595 1185 3642 ita
1194 3595 1219 3642 h.
1228 3594 1245 3641 l.

184 3668 240 3713 edd.
250 3679 305 3715 ante
315 3669 391 3716 Gron.
401 3671 472 3734 proh.
482 3673 598 3718 Boen-
606 3673 692 3718 Tutum
736 3672 813 3719 edidit
827 3672 900 3720 Drali.
913 3688 944 3719 ex
956 3672 1050 3720 emend.
1062 3673 1142 3721 nhen.
1157 3684 1181 3720 et
1195 3674 1246 3734 ejus

185 3762 243 3793 esse.
254 3748 308 3806 Sic,
321 3765 368 3812 pro
379 3761 452 3806 esset,
467 3749 545 3797 edidit
552 3752 606 3798 Iac.
614 3751 691 3798 Gron.
735 3753 789 3799 MS.
800 3750 847 3798 Sed
856 3751 972 3814 appellari
982 3752 1024 3799 ille
1033 3752 1102 3800 loeus
1114 3751 1245 3812 debuisset,

183 3827 369 3875 assentientibus
378 3829 441 3876 MSS
452 3828 571 3892 pluribus.
583 3831 628 3876 En.
737 3841 762 3877 et
772 3829 908 3876 revocanda
919 3832 1001 3894 potius
1014 3844 1049 3879 est
1060 3832 1156 3896 vulgata
1170 3832 1245 3880 lectio

220 3901 279 3949 Cn.
291 3907 322 3951 V.
335 3922 356 3952 t.
367 3909 435 3954 Inter
443 3907 621 3973 Albingaunos,
631 3925 692 3971 qno·
738 3908 800 3955 inter
814 3910 846 3955 A.
861 3909 1007 3974 Liguresque
1021 3911 1146 3968 Genuam,
1158 3923 1186 3959 ut
1198 3927 1245 3973 quc

182 3996 236 4025 rum
248 3997 307 4044 opp.
318 3986 511 4050 Albingaunum,
522 4005 565 4034 seu
573 3987 690 4052 Albigau-
734 3989 766 4036 sit
778 4005 877 4052 nempe,
891 3990 995 4052 scilicet;
1007 3993 1083 4040 Doer.
1093 3994 1180 4049 Recte,
1189 3991 1244 4053 opi-

181 4073 253 4118 nnm,
265 4058 323 4107 hod.
332 4062 456 4127 Albenga,
471 4065 497 4112 in
506 4067 635 4128 Ingaunis,
648 4083 691 4131 po·
735 4086 790 4118 nor.
801 4070 873 4119 Conf.
885 4070 916 4118 ad
926 4073 964 4130 11,
977 4079 1022 4130 42,
1032 4088 1056 4118 n.
1066 4087 1089 4129 ς.
