<?xml version="1.0" encoding="UTF-8"?>
<!DOCTYPE html PUBLIC "-//W3C//DTD XHTML 1.0 Transitional//EN"
    "http://www.w3.org/TR/xhtml1/DTD/xhtml1-transitional.dtd">
<html xmlns="http://www.w3.org/1999/xhtml" xml:lang="en" lang="en">
 <head>
  <title>
</title>
<meta http-equiv="Content-Type" content="text/html;charset=utf-8" />
  <meta name='ocr-system' content='tesseract 3.04.00' />
  <meta name='ocr-capabilities' content='ocr_page ocr_carea ocr_par ocr_line ocrx_word'/>
</head>
<body>
  <div class='ocr_page' id='page_1' title='image "./titusliviuspata04freigoog_0304.png"; bbox 0 0 2768 4574; ppageno 0'>
   <div class='ocr_carea' id='block_1_1' title="bbox 185 267 1216 400">
    <p class='ocr_par' dir='ltr' id='par_1_1' title="bbox 185 267 1216 400">
     <span class='ocr_line' id='line_1_1' title="bbox 185 267 1216 400; baseline -0.001 -27"><span class='ocrx_word' id='word_1_1' title='bbox 185 289 304 395; x_wconf 55' lang='lat' dir='ltr'><strong>33ss:322</strong></span> <span class='ocrx_word' id='word_1_2' title='bbox 363 308 511 374; x_wconf 79' lang='lat' dir='ltr'><strong>uranx</strong></span> <span class='ocrx_word' id='word_1_3' title='bbox 540 267 703 372; x_wconf 84' lang='lat' dir='ltr'><strong>xxvu.</strong></span> <span class='ocrx_word' id='word_1_4' title='bbox 731 303 837 372; x_wconf 76' lang='lat' dir='ltr'><strong>car.</strong></span> <span class='ocrx_word' id='word_1_5' title='bbox 858 305 1014 372; x_wconf 82' lang='lat' dir='ltr'><strong>xxxv.</strong></span> <span class='ocrx_word' id='word_1_6' title='bbox 1145 327 1216 400; x_wconf 74' lang='lat'><strong>²99</strong></span> 
     </span>
    </p>
   </div>
   <div class='ocr_carea' id='block_1_2' title="bbox 70 425 1315 3381">
    <p class='ocr_par' dir='ltr' id='par_1_2' title="bbox 70 425 1315 3381">
     <span class='ocr_line' id='line_1_2' title="bbox 158 425 1218 523; baseline 0 -27"><span class='ocrx_word' id='word_1_7' title='bbox 158 429 256 496; x_wconf 84' lang='lat' dir='ltr'><strong>mitia</strong></span> <span class='ocrx_word' id='word_1_8' title='bbox 290 425 410 496; x_wconf 89' lang='lat' dir='ltr'><strong>habita</strong></span> <span class='ocrx_word' id='word_1_9' title='bbox 438 453 445 494; x_wconf 77' lang='grc' dir='ltr'><strong>ε</strong></span> <span class='ocrx_word' id='word_1_10' title='bbox 475 439 645 523; x_wconf 84' lang='lat' dir='ltr'><strong>praetores</strong></span> <span class='ocrx_word' id='word_1_11' title='bbox 675 426 783 494; x_wconf 87' lang='lat' dir='ltr'><strong>creati</strong></span> <span class='ocrx_word' id='word_1_12' title='bbox 816 428 854 494; x_wconf 85' lang='lat' dir='ltr'><strong>L.</strong></span> <span class='ocrx_word' id='word_1_13' title='bbox 878 427 1024 496; x_wconf 89' lang='lat' dir='ltr'><strong>Porcius</strong></span> <span class='ocrx_word' id='word_1_14' title='bbox 1052 425 1218 516; x_wconf 89' lang='lat' dir='ltr'><strong>Licinus,</strong></span> 
     </span>
     <span class='ocr_line' id='line_1_3' title="bbox 158 533 1220 633; baseline -0.004 -25"><span class='ocrx_word' id='word_1_15' title='bbox 158 543 197 608; x_wconf 88' lang='lat' dir='ltr'><strong>C.</strong></span> <span class='ocrx_word' id='word_1_16' title='bbox 216 537 411 621; x_wconf 85' lang='lat' dir='ltr'><strong>Mamilius,</strong></span> <span class='ocrx_word' id='word_1_17' title='bbox 431 539 469 606; x_wconf 85' lang='lat' dir='ltr'><strong>A.</strong></span> <span class='ocrx_word' id='word_1_18' title='bbox 493 550 529 606; x_wconf 91' lang='lat' dir='ltr'><strong>et</strong></span> <span class='ocrx_word' id='word_1_19' title='bbox 544 540 582 606; x_wconf 86' lang='lat' dir='ltr'><strong>C.</strong></span> <span class='ocrx_word' id='word_1_20' title='bbox 602 533 743 605; x_wconf 81' lang='lat' dir='ltr'><strong>Hostilii</strong></span> <span class='ocrx_word' id='word_1_21' title='bbox 760 537 927 604; x_wconf 85' lang='lat' dir='ltr'><strong>Catones.</strong></span> <span class='ocrx_word' id='word_1_22' title='bbox 952 535 1115 604; x_wconf 88' lang='lat' dir='ltr'><strong>Comitiis</strong></span> <span class='ocrx_word' id='word_1_23' title='bbox 1127 556 1220 633; x_wconf 87' lang='lat' dir='ltr'><strong>per-</strong></span> 
     </span>
     <span class='ocr_line' id='line_1_4' title="bbox 70 635 1218 744; baseline -0.001 -27"><span class='ocrx_word' id='word_1_24' title='bbox 70 727 72 731; x_wconf 43' lang='grc'><em>,</em></span> <span class='ocrx_word' id='word_1_25' title='bbox 158 645 259 717; x_wconf 83' lang='lat' dir='ltr'><strong>fectis</strong></span> <span class='ocrx_word' id='word_1_26' title='bbox 281 646 448 743; x_wconf 89' lang='lat' dir='ltr'><strong>ludisque</strong></span> <span class='ocrx_word' id='word_1_27' title='bbox 474 635 594 730; x_wconf 80' lang='lat' dir='ltr'><strong>factis,</strong></span> <span class='ocrx_word' id='word_1_28' title='bbox 626 644 781 716; x_wconf 88' lang='lat' dir='ltr'><strong>dictator</strong></span> <span class='ocrx_word' id='word_1_29' title='bbox 804 659 840 716; x_wconf 92' lang='lat' dir='ltr'><strong>et</strong></span> <span class='ocrx_word' id='word_1_30' title='bbox 862 646 1030 744; x_wconf 86' lang='lat' dir='ltr'><strong>magister</strong></span> <span class='ocrx_word' id='word_1_31' title='bbox 1051 647 1218 742; x_wconf 84' lang='lat' dir='ltr'><strong>equitum</strong></span> 
     </span>
     <span class='ocr_line' id='line_1_5' title="bbox 158 745 1219 854; baseline 0 -28"><span class='ocrx_word' id='word_1_32' title='bbox 158 745 368 854; x_wconf 72' lang='lat' dir='ltr'><strong>magistram</strong></span> <span class='ocrx_word' id='word_1_33' title='bbox 387 758 565 828; x_wconf 83' lang='lat' dir='ltr'><strong>abientnt.</strong></span> <span class='ocrx_word' id='word_1_34' title='bbox 589 761 626 827; x_wconf 88' lang='lat' dir='ltr'><strong>C.</strong></span> <span class='ocrx_word' id='word_1_35' title='bbox 641 755 830 827; x_wconf 85' lang='lat' dir='ltr'><strong>Terentius</strong></span> <span class='ocrx_word' id='word_1_36' title='bbox 846 758 961 825; x_wconf 79' lang='lat' dir='ltr'><strong>Varro</strong></span> <span class='ocrx_word' id='word_1_37' title='bbox 982 757 1019 825; x_wconf 92' lang='lat' dir='ltr'><strong>iu</strong></span> <span class='ocrx_word' id='word_1_38' title='bbox 1034 752 1219 827; x_wconf 77' lang='lat' dir='ltr'><strong>&#39;Etruriam</strong></span> 
     </span>
     <span class='ocr_line' id='line_1_6' title="bbox 160 865 1221 967; baseline 0.003 -32"><span class='ocrx_word' id='word_1_39' title='bbox 160 882 361 964; x_wconf 82' lang='lat' dir='ltr'><strong>propraetor</strong></span> <span class='ocrx_word' id='word_1_40' title='bbox 379 869 523 950; x_wconf 85' lang='lat' dir='ltr'><strong>missus,</strong></span> <span class='ocrx_word' id='word_1_41' title='bbox 541 881 581 936; x_wconf 91' lang='lat' dir='ltr'><strong>ut</strong></span> <span class='ocrx_word' id='word_1_42' title='bbox 600 889 645 937; x_wconf 86' lang='lat' dir='ltr'><strong>ex</strong></span> <span class='ocrx_word' id='word_1_43' title='bbox 661 891 703 937; x_wconf 87' lang='lat' dir='ltr'><strong>ea</strong></span> <span class='ocrx_word' id='word_1_44' title='bbox 718 867 903 964; x_wconf 89' lang='lat' dir='ltr'><strong>provincia</strong></span> <span class='ocrx_word' id='word_1_45' title='bbox 922 870 960 937; x_wconf 89' lang='lat' dir='ltr'><strong>C.</strong></span> <span class='ocrx_word' id='word_1_46' title='bbox 974 865 1145 937; x_wconf 85' lang='lat' dir='ltr'><strong>Hostilius</strong></span> <span class='ocrx_word' id='word_1_47' title='bbox 1159 871 1221 967; x_wconf 81' lang='lat' dir='ltr'><strong>Ta·</strong></span> 
     </span>
     <span class='ocr_line' id='line_1_7' title="bbox 160 975 1221 1072; baseline 0 -26"><span class='ocrx_word' id='word_1_48' title='bbox 160 993 307 1048; x_wconf 89' lang='lat' dir='ltr'><strong>rentum</strong></span> <span class='ocrx_word' id='word_1_49' title='bbox 321 976 458 1049; x_wconf 89' lang='lat' dir='ltr'><strong>adeum</strong></span> <span class='ocrx_word' id='word_1_50' title='bbox 474 978 670 1048; x_wconf 87' lang='lat' dir='ltr'><strong>exereitum</strong></span> <span class='ocrx_word' id='word_1_51' title='bbox 683 978 767 1063; x_wconf 89' lang='lat' dir='ltr'><strong>iret,</strong></span> <span class='ocrx_word' id='word_1_52' title='bbox 781 1000 891 1072; x_wconf 92' lang='lat' dir='ltr'><strong>quem</strong></span> <span class='ocrx_word' id='word_1_53' title='bbox 903 979 942 1046; x_wconf 89' lang='lat' dir='ltr'><strong>T.</strong></span> <span class='ocrx_word' id='word_1_54' title='bbox 952 975 1123 1065; x_wconf 85' lang='lat' dir='ltr'><strong>Quintius</strong></span> <span class='ocrx_word' id='word_1_55' title='bbox 1135 997 1221 1046; x_wconf 89' lang='lat' dir='ltr'><strong>con·</strong></span> 
     </span>
     <span class='ocr_line' id='line_1_8' title="bbox 160 1073 1315 1183; baseline -0.003 -26"><span class='ocrx_word' id='word_1_56' title='bbox 160 1089 216 1157; x_wconf 91' lang='lat' dir='ltr'><strong>sul</strong></span> <span class='ocrx_word' id='word_1_57' title='bbox 230 1087 427 1158; x_wconf 78' lang='lat' dir='ltr'><strong>habuerat²</strong></span> <span class='ocrx_word' id='word_1_58' title='bbox 448 1114 456 1155; x_wconf 92' lang='lat'>:</span> <span class='ocrx_word' id='word_1_59' title='bbox 478 1103 513 1158; x_wconf 91' lang='lat' dir='ltr'><strong>et</strong></span> <span class='ocrx_word' id='word_1_60' title='bbox 526 1093 566 1158; x_wconf 88' lang='lat' dir='ltr'><strong>L.</strong></span> <span class='ocrx_word' id='word_1_61' title='bbox 580 1087 736 1158; x_wconf 89' lang='lat' dir='ltr'><strong>Manlius</strong></span> <span class='ocrx_word' id='word_1_62' title='bbox 747 1101 846 1156; x_wconf 90' lang='lat' dir='ltr'><strong>trans</strong></span> <span class='ocrx_word' id='word_1_63' title='bbox 859 1110 959 1179; x_wconf 78' lang='lat' dir='ltr'><strong>mare</strong></span> <span class='ocrx_word' id='word_1_64' title='bbox 973 1073 1111 1183; x_wconf 79' lang='lat' dir='ltr'><strong>legatus</strong></span> <span class='ocrx_word' id='word_1_65' title='bbox 1129 1086 1218 1171; x_wconf 89' lang='lat' dir='ltr'><strong>iret,</strong></span> <span class='ocrx_word' id='word_1_66' title='bbox 1282 1141 1284 1143; x_wconf 82' lang='lat'><em>.</em></span> <span class='ocrx_word' id='word_1_67' title='bbox 1302 1133 1315 1149; x_wconf 39' lang='grc' dir='ltr'><strong>,ι</strong></span> 
     </span>
     <span class='ocr_line' id='line_1_9' title="bbox 159 1194 1219 1294; baseline -0.002 -28"><span class='ocrx_word' id='word_1_68' title='bbox 159 1199 382 1294; x_wconf 85' lang='lat' dir='ltr'><strong>viseretque,</strong></span> <span class='ocrx_word' id='word_1_69' title='bbox 411 1223 491 1294; x_wconf 88' lang='lat' dir='ltr'><strong>quae</strong></span> <span class='ocrx_word' id='word_1_70' title='bbox 522 1222 580 1270; x_wconf 90' lang='lat' dir='ltr'><strong>res</strong></span> <span class='ocrx_word' id='word_1_71' title='bbox 610 1196 661 1267; x_wconf 93' lang='lat' dir='ltr'><strong>ibi</strong></span> <span class='ocrx_word' id='word_1_72' title='bbox 693 1211 929 1294; x_wconf 82' lang='lat' dir='ltr'><strong>gererentur3</strong></span> <span class='ocrx_word' id='word_1_73' title='bbox 960 1195 1091 1282; x_wconf 88' lang='lat' dir='ltr'><strong>simul,</strong></span> <span class='ocrx_word' id='word_1_74' title='bbox 1119 1194 1219 1292; x_wconf 90' lang='lat' dir='ltr'><strong>quod</strong></span> 
     </span>
     <span class='ocr_line' id='line_1_10' title="bbox 160 1294 1299 1403; baseline -0.001 -28"><span class='ocrx_word' id='word_1_75' title='bbox 160 1304 333 1403; x_wconf 78' lang='lat' dir='ltr'><strong>Olympiae</strong></span> <span class='ocrx_word' id='word_1_76' title='bbox 343 1305 520 1376; x_wconf 88' lang='lat' dir='ltr'><strong>ludicrum</strong></span> <span class='ocrx_word' id='word_1_77' title='bbox 538 1294 581 1377; x_wconf 72' lang='lat' dir='ltr'><strong>ea²</strong></span> <span class='ocrx_word' id='word_1_78' title='bbox 591 1319 710 1377; x_wconf 85' lang='lat' dir='ltr'><strong>aestate</strong></span> <span class='ocrx_word' id='word_1_79' title='bbox 721 1304 884 1375; x_wconf 83' lang='lat' dir='ltr'><strong>futurum</strong></span> <span class='ocrx_word' id='word_1_80' title='bbox 900 1300 1009 1392; x_wconf 79' lang='lat' dir='ltr'><strong>erat³,</strong></span> <span class='ocrx_word' id='word_1_81' title='bbox 1029 1304 1129 1402; x_wconf 91' lang='lat' dir='ltr'><strong>quod</strong></span> <span class='ocrx_word' id='word_1_82' title='bbox 1143 1329 1219 1374; x_wconf 86' lang='lat' dir='ltr'><strong>ma·</strong></span> <span class='ocrx_word' id='word_1_83' title='bbox 1295 1388 1299 1400; x_wconf 28' lang='grc' dir='ltr'>Ι</span> 
     </span>
     <span class='ocr_line' id='line_1_11' title="bbox 158 1413 1288 1516; baseline 0.002 -34"><span class='ocrx_word' id='word_1_84' title='bbox 158 1415 256 1484; x_wconf 90' lang='lat' dir='ltr'><strong>ximo</strong></span> <span class='ocrx_word' id='word_1_85' title='bbox 275 1430 372 1486; x_wconf 85' lang='lat' dir='ltr'><strong>&#39;coetu</strong></span> <span class='ocrx_word' id='word_1_86' title='bbox 392 1418 534 1487; x_wconf 81' lang='lat' dir='ltr'><strong>Graeciae</strong></span> <span class='ocrx_word' id='word_1_87' title='bbox 553 1415 814 1501; x_wconf 68' lang='lat' dir='ltr'><strong>celebraretur,</strong></span> <span class='ocrx_word' id='word_1_88' title='bbox 838 1427 895 1501; x_wconf 89' lang='lat' dir='ltr'><strong>ut,</strong></span> <span class='ocrx_word' id='word_1_89' title='bbox 919 1415 948 1484; x_wconf 90' lang='lat' dir='ltr'><strong>si</strong></span> <span class='ocrx_word' id='word_1_90' title='bbox 969 1428 1050 1484; x_wconf 86' lang='lat' dir='ltr'><strong>tuto</strong></span> <span class='ocrx_word' id='word_1_91' title='bbox 1066 1438 1133 1512; x_wconf 92' lang='lat' dir='ltr'><strong>per</strong></span> <span class='ocrx_word' id='word_1_92' title='bbox 1151 1413 1219 1484; x_wconf 84' lang='lat' dir='ltr'><strong>ho·</strong></span> <span class='ocrx_word' id='word_1_93' title='bbox 1286 1511 1288 1516; x_wconf 16' lang='grc' dir='ltr'><strong><em>Δ</em></strong></span> 
     </span>
     <span class='ocr_line' id='line_1_12' title="bbox 160 1523 1219 1621; baseline 0.001 -28"><span class='ocrx_word' id='word_1_94' title='bbox 160 1538 250 1594; x_wconf 90' lang='lat' dir='ltr'><strong>stem</strong></span> <span class='ocrx_word' id='word_1_95' title='bbox 271 1540 407 1621; x_wconf 88' lang='lat' dir='ltr'><strong>posset,</strong></span> <span class='ocrx_word' id='word_1_96' title='bbox 427 1527 539 1598; x_wconf 88' lang='lat' dir='ltr'><strong>adiret</strong></span> <span class='ocrx_word' id='word_1_97' title='bbox 557 1526 592 1595; x_wconf 92' lang='lat' dir='ltr'><strong>id</strong></span> <span class='ocrx_word' id='word_1_98' title='bbox 613 1525 827 1595; x_wconf 91' lang='lat' dir='ltr'><strong>concilium:</strong></span> <span class='ocrx_word' id='word_1_99' title='bbox 842 1539 897 1616; x_wconf 89' lang='lat' dir='ltr'><strong>ut,</strong></span> <span class='ocrx_word' id='word_1_100' title='bbox 916 1525 1105 1620; x_wconf 87' lang='lat' dir='ltr'><strong>quiSieuli</strong></span> <span class='ocrx_word' id='word_1_101' title='bbox 1121 1523 1219 1594; x_wconf 90' lang='lat' dir='ltr'><strong>bello</strong></span> 
     </span>
     <span class='ocr_line' id='line_1_13' title="bbox 162 1631 1221 1732; baseline 0.004 -30"><span class='ocrx_word' id='word_1_102' title='bbox 162 1631 212 1702; x_wconf 91' lang='lat' dir='ltr'><strong>ibi</strong></span> <span class='ocrx_word' id='word_1_103' title='bbox 226 1632 386 1730; x_wconf 82' lang='lat' dir='ltr'><strong>profugi,</strong></span> <span class='ocrx_word' id='word_1_104' title='bbox 404 1651 464 1705; x_wconf 90' lang='lat' dir='ltr'><strong>aut</strong></span> <span class='ocrx_word' id='word_1_105' title='bbox 485 1636 657 1706; x_wconf 89' lang='lat' dir='ltr'><strong>tarentini</strong></span> <span class='ocrx_word' id='word_1_106' title='bbox 677 1634 771 1704; x_wconf 88' lang='lat' dir='ltr'><strong>cives</strong></span> <span class='ocrx_word' id='word_1_107' title='bbox 792 1633 1000 1732; x_wconf 78' lang='lat' dir='ltr'><strong>relegatiab</strong></span> <span class='ocrx_word' id='word_1_108' title='bbox 1020 1635 1221 1706; x_wconf 84' lang='lat' dir='ltr'><strong>Hannibale</strong></span> 
     </span>
     <span class='ocr_line' id='line_1_14' title="bbox 160 1744 1221 1842; baseline 0.001 -29"><span class='ocrx_word' id='word_1_109' title='bbox 160 1758 296 1831; x_wconf 83' lang='lat' dir='ltr'><strong>essent,</strong></span> <span class='ocrx_word' id='word_1_110' title='bbox 313 1744 440 1814; x_wconf 90' lang='lat' dir='ltr'><strong>domos</strong></span> <span class='ocrx_word' id='word_1_111' title='bbox 460 1744 638 1832; x_wconf 85' lang='lat' dir='ltr'><strong>redirent,</strong></span> <span class='ocrx_word' id='word_1_112' title='bbox 658 1746 881 1839; x_wconf 81' lang='lat' dir='ltr'><strong>scirentque,</strong></span> <span class='ocrx_word' id='word_1_113' title='bbox 903 1768 967 1814; x_wconf 86' lang='lat' dir='ltr'><strong>sua</strong></span> <span class='ocrx_word' id='word_1_114' title='bbox 984 1747 1122 1832; x_wconf 90' lang='lat' dir='ltr'><strong>omnia,</strong></span> <span class='ocrx_word' id='word_1_115' title='bbox 1141 1767 1221 1842; x_wconf 75' lang='lat' dir='ltr'><strong>quae</strong></span> 
     </span>
     <span class='ocr_line' id='line_1_15' title="bbox 159 1853 1218 1952; baseline 0.002 -30"><span class='ocrx_word' id='word_1_116' title='bbox 159 1869 242 1923; x_wconf 87' lang='lat' dir='ltr'><strong>ante</strong></span> <span class='ocrx_word' id='word_1_117' title='bbox 257 1853 392 1925; x_wconf 89' lang='lat' dir='ltr'><strong>bellum</strong></span> <span class='ocrx_word' id='word_1_118' title='bbox 411 1854 639 1950; x_wconf 76' lang='lat' dir='ltr'><strong>habuissent,</strong></span> <span class='ocrx_word' id='word_1_119' title='bbox 656 1853 807 1925; x_wconf 88' lang='lat' dir='ltr'><strong>reddere</strong></span> <span class='ocrx_word' id='word_1_120' title='bbox 824 1855 1001 1952; x_wconf 90' lang='lat' dir='ltr'><strong>pupulum</strong></span> <span class='ocrx_word' id='word_1_121' title='bbox 1016 1878 1218 1926; x_wconf 86' lang='lat' dir='ltr'><strong>romanum.</strong></span> 
     </span>
     <span class='ocr_line' id='line_1_16' title="bbox 159 1963 1223 2061; baseline 0.002 -29"><span class='ocrx_word' id='word_1_122' title='bbox 159 1965 252 2052; x_wconf 84' lang='lat' dir='ltr'><strong>Quia</strong></span> <span class='ocrx_word' id='word_1_123' title='bbox 267 1965 587 2061; x_wconf 86' lang='lat' dir='ltr'><strong>periculosissimus</strong></span> <span class='ocrx_word' id='word_1_124' title='bbox 606 1988 722 2034; x_wconf 87' lang='lat' dir='ltr'><strong>annus</strong></span> <span class='ocrx_word' id='word_1_125' title='bbox 737 1963 925 2034; x_wconf 89' lang='lat' dir='ltr'><strong>imminere</strong></span> <span class='ocrx_word' id='word_1_126' title='bbox 939 1963 1148 2053; x_wconf 84' lang='lat' dir='ltr'><strong>videbatur,</strong></span> <span class='ocrx_word' id='word_1_127' title='bbox 1166 1990 1223 2034; x_wconf 90' lang='lat' dir='ltr'><strong>ne-</strong></span> 
     </span>
     <span class='ocr_line' id='line_1_17' title="bbox 160 2066 1223 2172; baseline 0.002 -30"><span class='ocrx_word' id='word_1_128' title='bbox 160 2098 231 2168; x_wconf 90' lang='lat' dir='ltr'><strong>que</strong></span> <span class='ocrx_word' id='word_1_129' title='bbox 251 2073 416 2144; x_wconf 88' lang='lat' dir='ltr'><strong>consules</strong></span> <span class='ocrx_word' id='word_1_130' title='bbox 431 2076 469 2143; x_wconf 90' lang='lat' dir='ltr'><strong>in</strong></span> <span class='ocrx_word' id='word_1_131' title='bbox 487 2072 673 2171; x_wconf 90' lang='lat' dir='ltr'><strong>republica</strong></span> <span class='ocrx_word' id='word_1_132' title='bbox 690 2087 811 2160; x_wconf 86' lang='lat' dir='ltr'><strong>erant,</strong></span> <span class='ocrx_word' id='word_1_133' title='bbox 828 2075 866 2143; x_wconf 91' lang='lat' dir='ltr'><strong>in</strong></span> <span class='ocrx_word' id='word_1_134' title='bbox 880 2074 1047 2146; x_wconf 87' lang='lat' dir='ltr'><strong>consules</strong></span> <span class='ocrx_word' id='word_1_135' title='bbox 1060 2066 1223 2172; x_wconf 73' lang='lat' dir='ltr'><strong>designa-</strong></span> 
     </span>
     <span class='ocr_line' id='line_1_18' title="bbox 157 2183 1220 2282; baseline 0.006 -32"><span class='ocrx_word' id='word_1_136' title='bbox 157 2196 213 2251; x_wconf 90' lang='lat' dir='ltr'><strong>tos</strong></span> <span class='ocrx_word' id='word_1_137' title='bbox 230 2205 356 2253; x_wconf 90' lang='lat' dir='ltr'><strong>omnes</strong></span> <span class='ocrx_word' id='word_1_138' title='bbox 370 2183 480 2269; x_wconf 87' lang='lat' dir='ltr'><strong>versi,</strong></span> <span class='ocrx_word' id='word_1_139' title='bbox 494 2207 603 2279; x_wconf 87' lang='lat' dir='ltr'><strong>quam</strong></span> <span class='ocrx_word' id='word_1_140' title='bbox 620 2184 777 2280; x_wconf 88' lang='lat' dir='ltr'><strong>primum</strong></span> <span class='ocrx_word' id='word_1_141' title='bbox 792 2207 854 2253; x_wconf 91' lang='lat' dir='ltr'><strong>eos</strong></span> <span class='ocrx_word' id='word_1_142' title='bbox 869 2185 986 2255; x_wconf 90' lang='lat' dir='ltr'><strong>sortiri</strong></span> <span class='ocrx_word' id='word_1_143' title='bbox 1001 2185 1220 2282; x_wconf 85' lang='lat' dir='ltr'><strong>provincias,</strong></span> 
     </span>
     <span class='ocr_line' id='line_1_19' title="bbox 158 2293 1219 2399; baseline 0.006 -37"><span class='ocrx_word' id='word_1_144' title='bbox 158 2307 194 2362; x_wconf 89' lang='lat' dir='ltr'><strong>et</strong></span> <span class='ocrx_word' id='word_1_145' title='bbox 220 2293 441 2389; x_wconf 82' lang='lat' dir='ltr'><strong>praesciscere</strong></span> <span class='ocrx_word' id='word_1_146' title='bbox 450 2296 478 2377; x_wconf 70' lang='lat'><strong>⁴,</strong></span> <span class='ocrx_word' id='word_1_147' title='bbox 503 2317 613 2389; x_wconf 90' lang='lat' dir='ltr'><strong>quam</strong></span> <span class='ocrx_word' id='word_1_148' title='bbox 638 2295 793 2391; x_wconf 89' lang='lat' dir='ltr'><strong>quisque</strong></span> <span class='ocrx_word' id='word_1_149' title='bbox 821 2320 948 2366; x_wconf 89' lang='lat' dir='ltr'><strong>eorum</strong></span> <span class='ocrx_word' id='word_1_150' title='bbox 974 2298 1219 2399; x_wconf 82' lang='lat' dir='ltr'><strong>provinciam,</strong></span> 
     </span>
     <span class='ocr_line' id='line_1_20' title="bbox 157 2402 1220 2499; baseline 0.007 -28"><span class='ocrx_word' id='word_1_151' title='bbox 157 2413 267 2499; x_wconf 87' lang='lat' dir='ltr'><strong>quem</strong></span> <span class='ocrx_word' id='word_1_152' title='bbox 288 2402 429 2473; x_wconf 89' lang='lat' dir='ltr'><strong>hostem</strong></span> <span class='ocrx_word' id='word_1_153' title='bbox 447 2402 621 2492; x_wconf 86' lang='lat' dir='ltr'><strong>haberet,</strong></span> <span class='ocrx_word' id='word_1_154' title='bbox 645 2404 825 2482; x_wconf 89' lang='lat' dir='ltr'><strong>volebant.</strong></span> <span class='ocrx_word' id='word_1_155' title='bbox 846 2410 901 2477; x_wconf 91' lang='lat' dir='ltr'><strong>De</strong></span> <span class='ocrx_word' id='word_1_156' title='bbox 924 2407 1220 2478; x_wconf 82' lang='lat' dir='ltr'><strong>reconciliatione</strong></span> 
     </span>
     <span class='ocr_line' id='line_1_21' title="bbox 88 2514 1222 2614; baseline 0.008 -35"><span class='ocrx_word' id='word_1_157' title='bbox 88 2584 91 2592; x_wconf 66' lang='grc'><strong>,</strong></span> <span class='ocrx_word' id='word_1_158' title='bbox 159 2514 265 2581; x_wconf 88' lang='lat' dir='ltr'><strong>etiam</strong></span> <span class='ocrx_word' id='word_1_159' title='bbox 286 2515 405 2610; x_wconf 85' lang='lat' dir='ltr'><strong>gratiae</strong></span> <span class='ocrx_word' id='word_1_160' title='bbox 432 2538 556 2585; x_wconf 89' lang='lat' dir='ltr'><strong>eorum</strong></span> <span class='ocrx_word' id='word_1_161' title='bbox 585 2517 621 2584; x_wconf 91' lang='lat' dir='ltr'><strong>in</strong></span> <span class='ocrx_word' id='word_1_162' title='bbox 653 2529 780 2586; x_wconf 87' lang='lat' dir='ltr'><strong>senatu</strong></span> <span class='ocrx_word' id='word_1_163' title='bbox 802 2514 920 2586; x_wconf 88' lang='lat' dir='ltr'><strong>aetum</strong></span> <span class='ocrx_word' id='word_1_164' title='bbox 944 2532 1014 2603; x_wconf 89' lang='lat' dir='ltr'><strong>est,</strong></span> <span class='ocrx_word' id='word_1_165' title='bbox 1044 2518 1222 2614; x_wconf 84' lang='lat' dir='ltr'><strong>principio</strong></span> 
     </span>
     <span class='ocr_line' id='line_1_22' title="bbox 157 2619 1247 2716; baseline 0.008 -27"><span class='ocrx_word' id='word_1_166' title='bbox 157 2619 252 2690; x_wconf 84' lang='lat' dir='ltr'><strong>facto</strong></span> <span class='ocrx_word' id='word_1_167' title='bbox 271 2649 290 2692; x_wconf 90' lang='lat' dir='ltr'><strong>a</strong></span> <span class='ocrx_word' id='word_1_168' title='bbox 307 2628 351 2713; x_wconf 83' lang='lat' dir='ltr'><strong>Q.</strong></span> <span class='ocrx_word' id='word_1_169' title='bbox 368 2626 477 2696; x_wconf 89' lang='lat' dir='ltr'><strong>Fabio</strong></span> <span class='ocrx_word' id='word_1_170' title='bbox 496 2627 680 2697; x_wconf 86' lang='lat' dir='ltr'><strong>Maximo:</strong></span> <span class='ocrx_word' id='word_1_171' title='bbox 702 2619 895 2696; x_wconf 86' lang='lat' dir='ltr'><strong>inimicitiae</strong></span> <span class='ocrx_word' id='word_1_172' title='bbox 918 2625 1062 2698; x_wconf 85' lang='lat' dir='ltr'><strong>autem⁵</strong></span> <span class='ocrx_word' id='word_1_173' title='bbox 1081 2626 1223 2698; x_wconf 87' lang='lat' dir='ltr'><strong>nobiles</strong></span> <span class='ocrx_word' id='word_1_174' title='bbox 1242 2707 1247 2716; x_wconf 47' lang='lat'>‚</span> 
     </span>
     <span class='ocr_line' id='line_1_23' title="bbox 158 2731 1222 2834; baseline 0.008 -35"><span class='ocrx_word' id='word_1_175' title='bbox 158 2731 253 2801; x_wconf 90' lang='lat' dir='ltr'><strong>inter</strong></span> <span class='ocrx_word' id='word_1_176' title='bbox 265 2744 327 2803; x_wconf 84' lang='lat' dir='ltr'><strong>e&#39;os</strong></span> <span class='ocrx_word' id='word_1_177' title='bbox 344 2750 462 2821; x_wconf 88' lang='lat' dir='ltr'><strong>erant,</strong></span> <span class='ocrx_word' id='word_1_178' title='bbox 477 2752 513 2806; x_wconf 88' lang='lat' dir='ltr'><strong>et</strong></span> <span class='ocrx_word' id='word_1_179' title='bbox 526 2737 729 2808; x_wconf 86' lang='lat' dir='ltr'><strong>acerbiores</strong></span> <span class='ocrx_word' id='word_1_180' title='bbox 742 2761 801 2807; x_wconf 88' lang='lat' dir='ltr'><strong>eas</strong></span> <span class='ocrx_word' id='word_1_181' title='bbox 812 2736 1109 2834; x_wconf 86' lang='lat' dir='ltr'><strong>indignioresque</strong></span> <span class='ocrx_word' id='word_1_182' title='bbox 1119 2738 1222 2808; x_wconf 90' lang='lat' dir='ltr'><strong>Livio</strong></span> 
     </span>
     <span class='ocr_line' id='line_1_24' title="bbox 158 2841 1220 2943; baseline 0.005 -33"><span class='ocrx_word' id='word_1_183' title='bbox 158 2865 221 2910; x_wconf 88' lang='lat' dir='ltr'><strong>sua</strong></span> <span class='ocrx_word' id='word_1_184' title='bbox 234 2841 413 2914; x_wconf 86' lang='lat' dir='ltr'><strong>calamitas</strong></span> <span class='ocrx_word' id='word_1_185' title='bbox 423 2843 581 2932; x_wconf 79' lang='lat' dir='ltr'><strong>lecerat,</strong></span> <span class='ocrx_word' id='word_1_186' title='bbox 602 2844 703 2943; x_wconf 87' lang='lat' dir='ltr'><strong>quod</strong></span> <span class='ocrx_word' id='word_1_187' title='bbox 722 2859 883 2942; x_wconf 89' lang='lat' dir='ltr'><strong>spretum</strong></span> <span class='ocrx_word' id='word_1_188' title='bbox 902 2870 939 2916; x_wconf 90' lang='lat' dir='ltr'><strong>se</strong></span> <span class='ocrx_word' id='word_1_189' title='bbox 956 2848 993 2916; x_wconf 92' lang='lat' dir='ltr'><strong>in</strong></span> <span class='ocrx_word' id='word_1_190' title='bbox 1013 2870 1055 2917; x_wconf 87' lang='lat' dir='ltr'><strong>ea</strong></span> <span class='ocrx_word' id='word_1_191' title='bbox 1073 2845 1220 2917; x_wconf 88' lang='lat' dir='ltr'><strong>fortuna</strong></span> 
     </span>
     <span class='ocr_line' id='line_1_25' title="bbox 157 2946 1225 3054; baseline 0.006 -35"><span class='ocrx_word' id='word_1_192' title='bbox 157 2949 336 3022; x_wconf 88' lang='lat' dir='ltr'><strong>credebat.</strong></span> <span class='ocrx_word' id='word_1_193' title='bbox 359 2946 532 3050; x_wconf 46' lang='lat' dir='ltr'><strong>Itaque‘is</strong></span> <span class='ocrx_word' id='word_1_194' title='bbox 551 2956 664 3053; x_wconf 85' lang='lat' dir='ltr'><strong>magis</strong></span> <span class='ocrx_word' id='word_1_195' title='bbox 682 2955 917 3054; x_wconf 86' lang='lat' dir='ltr'><strong>implacabilis</strong></span> <span class='ocrx_word' id='word_1_196' title='bbox 941 2964 1034 3046; x_wconf 87' lang='lat' dir='ltr'><strong>erat,</strong></span> <span class='ocrx_word' id='word_1_197' title='bbox 1052 2970 1107 3045; x_wconf 92' lang='lat' dir='ltr'><strong>et,</strong></span> <span class='ocrx_word' id='word_1_198' title='bbox 1128 2950 1225 3026; x_wconf 79' lang='lat' dir='ltr'><strong>nihil</strong></span> 
     </span>
     <span class='ocr_line' id='line_1_26' title="bbox 158 3063 1219 3158; baseline 0.006 -28"><span class='ocrx_word' id='word_1_199' title='bbox 158 3086 248 3158; x_wconf 81' lang='lat' dir='ltr'><strong>opus</strong></span> <span class='ocrx_word' id='word_1_200' title='bbox 272 3086 347 3132; x_wconf 78' lang='lat' dir='ltr'><strong>esse</strong></span> <span class='ocrx_word' id='word_1_201' title='bbox 364 3063 666 3152; x_wconf 82' lang='lat' dir='ltr'><strong>reconciliatione,</strong></span> <span class='ocrx_word' id='word_1_202' title='bbox 687 3064 815 3137; x_wconf 84' lang='lat' dir='ltr'><strong>aiebat.</strong></span> <span class='ocrx_word' id='word_1_203' title='bbox 837 3069 969 3138; x_wconf 71' lang='lat' dir='ltr'><strong>Acrius</strong></span> <span class='ocrx_word' id='word_1_204' title='bbox 992 3083 1029 3138; x_wconf 87' lang='lat' dir='ltr'><strong>et</strong></span> <span class='ocrx_word' id='word_1_205' title='bbox 1049 3072 1219 3137; x_wconf 78' lang='lat' dir='ltr'><strong>intentius</strong></span> 
     </span>
     <span class='ocr_line' id='line_1_27' title="bbox 159 3177 1220 3268; baseline 0.005 -27"><span class='ocrx_word' id='word_1_206' title='bbox 159 3179 282 3242; x_wconf 87' lang='lat' dir='ltr'><strong>omnin</strong></span> <span class='ocrx_word' id='word_1_207' title='bbox 301 3177 479 3268; x_wconf 75' lang='lat' dir='ltr'><strong>gesturos,</strong></span> <span class='ocrx_word' id='word_1_208' title='bbox 498 3178 733 3247; x_wconf 73' lang='lat' dir='ltr'><strong>timentesne&#39;</strong></span> <span class='ocrx_word' id='word_1_209' title='bbox 746 3178 928 3247; x_wconf 82' lang='lat' dir='ltr'><strong>crescendi</strong></span> <span class='ocrx_word' id='word_1_210' title='bbox 944 3202 992 3248; x_wconf 75' lang='lat' dir='ltr'><strong>ea:</strong></span> <span class='ocrx_word' id='word_1_211' title='bbox 1012 3201 1052 3247; x_wconf 87' lang='lat' dir='ltr'><strong>se</strong></span> <span class='ocrx_word' id='word_1_212' title='bbox 1075 3182 1220 3247; x_wconf 81' lang='lat' dir='ltr'><strong>inimico</strong></span> 
     </span>
     <span class='ocr_line' id='line_1_28' title="bbox 156 3283 1218 3381; baseline 0.006 -31"><span class='ocrx_word' id='word_1_213' title='bbox 156 3283 303 3380; x_wconf 74' lang='lat' dir='ltr'><strong>collegae</strong></span> <span class='ocrx_word' id='word_1_214' title='bbox 308 3300 471 3381; x_wconf 82' lang='lat' dir='ltr'><strong>potestas</strong></span> <span class='ocrx_word' id='word_1_215' title='bbox 476 3287 598 3381; x_wconf 84' lang='lat' dir='ltr'><strong>fieret.</strong></span> <span class='ocrx_word' id='word_1_216' title='bbox 606 3286 700 3357; x_wconf 88' lang='lat' dir='ltr'><strong>Vicit</strong></span> <span class='ocrx_word' id='word_1_217' title='bbox 715 3299 836 3356; x_wconf 89' lang='lat' dir='ltr'><strong>tamen</strong></span> <span class='ocrx_word' id='word_1_218' title='bbox 851 3288 1044 3357; x_wconf 87' lang='lat' dir='ltr'><strong>auctoritas</strong></span> <span class='ocrx_word' id='word_1_219' title='bbox 1059 3301 1218 3373; x_wconf 87' lang='lat' dir='ltr'><strong>senatus,</strong></span> 
     </span>
    </p>
   </div>
   <div class='ocr_carea' id='block_1_3' title="bbox 108 3492 1220 4111">
    <p class='ocr_par' dir='ltr' id='par_1_3' title="bbox 157 3492 1218 3639">
     <span class='ocr_line' id='line_1_29' title="bbox 157 3492 1218 3560; baseline 0.004 -24"><span class='ocrx_word' id='word_1_220' title='bbox 157 3492 207 3556; x_wconf 76' lang='lat' dir='ltr'><strong>ejus</strong></span> <span class='ocrx_word' id='word_1_221' title='bbox 216 3492 280 3550; x_wconf 64' lang='lat' dir='ltr'><strong>diet·</strong></span> <span class='ocrx_word' id='word_1_222' title='bbox 290 3495 347 3542; x_wconf 81' lang='lat' dir='ltr'><strong>vide</strong></span> <span class='ocrx_word' id='word_1_223' title='bbox 355 3495 387 3542; x_wconf 87' lang='lat' dir='ltr'><strong>ad</strong></span> <span class='ocrx_word' id='word_1_224' title='bbox 395 3495 558 3560; x_wconf 81' lang='lat' dir='ltr'><strong>lib.V1,cap.</strong></span> <span class='ocrx_word' id='word_1_225' title='bbox 569 3510 591 3553; x_wconf 87' lang='lat' dir='ltr'><strong>r,</strong></span> <span class='ocrx_word' id='word_1_226' title='bbox 604 3511 632 3542; x_wconf 91' lang='lat' dir='ltr'><strong>n.</strong></span> <span class='ocrx_word' id='word_1_227' title='bbox 641 3509 666 3557; x_wconf 82' lang='lat'><strong>9.</strong></span> <span class='ocrx_word' id='word_1_228' title='bbox 709 3494 834 3551; x_wconf 74' lang='lat' dir='ltr'><strong>xxm,</strong></span> <span class='ocrx_word' id='word_1_229' title='bbox 847 3511 876 3555; x_wconf 75' lang='lat'><strong>73</strong></span> <span class='ocrx_word' id='word_1_230' title='bbox 887 3506 943 3559; x_wconf 74' lang='lat' dir='ltr'><strong>cup.</strong></span> <span class='ocrx_word' id='word_1_231' title='bbox 952 3494 984 3541; x_wconf 82' lang='lat' dir='ltr'><strong>ad</strong></span> <span class='ocrx_word' id='word_1_232' title='bbox 994 3510 1047 3558; x_wconf 81' lang='lat' dir='ltr'><strong>cap.</strong></span> <span class='ocrx_word' id='word_1_233' title='bbox 1060 3494 1105 3551; x_wconf 79' lang='lat'><strong>30,</strong></span> <span class='ocrx_word' id='word_1_234' title='bbox 1120 3509 1145 3540; x_wconf 89' lang='lat' dir='ltr'><strong>u.</strong></span> <span class='ocrx_word' id='word_1_235' title='bbox 1153 3496 1184 3550; x_wconf 86' lang='grc'><strong>6,</strong></span> <span class='ocrx_word' id='word_1_236' title='bbox 1192 3507 1218 3541; x_wconf 74' lang='lat' dir='ltr'><strong>et</strong></span> 
     </span>
     <span class='ocr_line' id='line_1_30' title="bbox 192 3573 1133 3639; baseline -0.001 -21"><span class='ocrx_word' id='word_1_237' title='bbox 192 3586 215 3618; x_wconf 80' lang='lat' dir='ltr'><strong>a.</strong></span> <span class='ocrx_word' id='word_1_238' title='bbox 228 3573 304 3632; x_wconf 81' lang='lat' dir='ltr'><strong>Quem</strong></span> <span class='ocrx_word' id='word_1_239' title='bbox 319 3575 344 3622; x_wconf 89' lang='lat' dir='ltr'><strong>T.</strong></span> <span class='ocrx_word' id='word_1_240' title='bbox 357 3574 469 3636; x_wconf 82' lang='lat' dir='ltr'><strong>Quintius</strong></span> <span class='ocrx_word' id='word_1_241' title='bbox 481 3574 566 3624; x_wconf 78' lang='lat' dir='ltr'><strong>consid</strong></span> <span class='ocrx_word' id='word_1_242' title='bbox 577 3574 672 3623; x_wconf 30' lang='lat' dir='ltr'><strong>habrae-f</strong></span> <span class='ocrx_word' id='word_1_243' title='bbox 710 3573 846 3636; x_wconf 80' lang='lat' dir='ltr'><strong>Schnoigb.</strong></span> <span class='ocrx_word' id='word_1_244' title='bbox 856 3574 888 3622; x_wconf 77' lang='lat' dir='ltr'><strong>nd</strong></span> <span class='ocrx_word' id='word_1_245' title='bbox 896 3574 984 3639; x_wconf 79' lang='lat' dir='ltr'><strong>Polyb.</strong></span> <span class='ocrx_word' id='word_1_246' title='bbox 994 3574 1040 3631; x_wconf 82' lang='lat' dir='ltr'><strong>tv,</strong></span> <span class='ocrx_word' id='word_1_247' title='bbox 1053 3581 1098 3630; x_wconf 68' lang='lat'><strong>14,</strong></span> <span class='ocrx_word' id='word_1_248' title='bbox 1108 3587 1133 3633; x_wconf 87' lang='lat'><strong>9.</strong></span> 
     </span>
    </p>

    <p class='ocr_par' dir='ltr' id='par_1_4' title="bbox 108 3651 1220 4031">
     <span class='ocr_line' id='line_1_31' title="bbox 158 3651 1217 3716; baseline 0.004 -22"><span class='ocrx_word' id='word_1_249' title='bbox 158 3661 198 3696; x_wconf 83' lang='lat' dir='ltr'><strong>rat</strong></span> <span class='ocrx_word' id='word_1_250' title='bbox 212 3667 221 3694; x_wconf 92' lang='lat'><em>:</em></span> <span class='ocrx_word' id='word_1_251' title='bbox 237 3661 261 3696; x_wconf 84' lang='lat' dir='ltr'><strong>et</strong></span> <span class='ocrx_word' id='word_1_252' title='bbox 277 3653 302 3699; x_wconf 86' lang='lat' dir='ltr'><strong>L.</strong></span> <span class='ocrx_word' id='word_1_253' title='bbox 318 3653 377 3700; x_wconf 82' lang='lat' dir='ltr'><strong>Haec</strong></span> <span class='ocrx_word' id='word_1_254' title='bbox 396 3653 469 3702; x_wconf 80' lang='lat' dir='ltr'><strong>verba</strong></span> <span class='ocrx_word' id='word_1_255' title='bbox 489 3653 557 3701; x_wconf 88' lang='lat' dir='ltr'><strong>nullo</strong></span> <span class='ocrx_word' id='word_1_256' title='bbox 575 3653 601 3700; x_wconf 88' lang='lat' dir='ltr'><strong>in</strong></span> <span class='ocrx_word' id='word_1_257' title='bbox 620 3655 665 3702; x_wconf 84' lang='lat' dir='ltr'><strong>MS</strong></span> <span class='ocrx_word' id='word_1_258' title='bbox 745 3652 864 3708; x_wconf 46' lang='lat' dir='ltr'><strong>adonai</strong></span> <span class='ocrx_word' id='word_1_259' title='bbox 866 3653 1014 3716; x_wconf 72' lang='lat' dir='ltr'><strong>prouincias,</strong></span> <span class='ocrx_word' id='word_1_260' title='bbox 1023 3663 1048 3699; x_wconf 82' lang='lat' dir='ltr'><strong>et</strong></span> <span class='ocrx_word' id='word_1_261' title='bbox 1052 3651 1217 3715; x_wconf 69' lang='lat' dir='ltr'><strong>praesciscere,</strong></span> 
     </span>
     <span class='ocr_line' id='line_1_32' title="bbox 157 3728 1220 3796; baseline 0 -18"><span class='ocrx_word' id='word_1_262' title='bbox 157 3728 245 3778; x_wconf 83' lang='lat' dir='ltr'><strong>obvia:</strong></span> <span class='ocrx_word' id='word_1_263' title='bbox 258 3729 324 3777; x_wconf 84' lang='lat' dir='ltr'><strong>unde</strong></span> <span class='ocrx_word' id='word_1_264' title='bbox 333 3731 415 3780; x_wconf 70' lang='lat' dir='ltr'><strong>formu</strong></span> <span class='ocrx_word' id='word_1_265' title='bbox 427 3733 474 3795; x_wconf 76' lang='lat' dir='ltr'><strong>leg.</strong></span> <span class='ocrx_word' id='word_1_266' title='bbox 486 3733 524 3780; x_wconf 78' lang='lat' dir='ltr'><strong>ad</strong></span> <span class='ocrx_word' id='word_1_267' title='bbox 529 3749 584 3779; x_wconf 84' lang='lat' dir='ltr'><strong>enm</strong></span> <span class='ocrx_word' id='word_1_268' title='bbox 595 3749 665 3781; x_wconf 76' lang='lat' dir='ltr'><strong>exer·</strong></span> <span class='ocrx_word' id='word_1_269' title='bbox 708 3731 835 3796; x_wconf 69' lang='lat' dir='ltr'><strong>precedite,</strong></span> <span class='ocrx_word' id='word_1_270' title='bbox 848 3743 875 3779; x_wconf 89' lang='lat' dir='ltr'><strong>ut</strong></span> <span class='ocrx_word' id='word_1_271' title='bbox 885 3733 988 3787; x_wconf 75' lang='lat' dir='ltr'><strong>xm,</strong></span> <span class='ocrx_word' id='word_1_272' title='bbox 1002 3738 1033 3787; x_wconf 70' lang='lat'><strong>14</strong></span> <span class='ocrx_word' id='word_1_273' title='bbox 1045 3746 1082 3795; x_wconf 91' lang='lat' dir='ltr'><strong>pr.</strong></span> <span class='ocrx_word' id='word_1_274' title='bbox 1094 3729 1143 3776; x_wconf 79' lang='lat' dir='ltr'><strong>nisi</strong></span> <span class='ocrx_word' id='word_1_275' title='bbox 1152 3731 1220 3778; x_wconf 71' lang='lat' dir='ltr'><strong>utiu-</strong></span> 
     </span>
     <span class='ocr_line' id='line_1_33' title="bbox 156 3806 1218 3876; baseline 0.003 -23"><span class='ocrx_word' id='word_1_276' title='bbox 156 3806 230 3854; x_wconf 86' lang='lat' dir='ltr'><strong>citnm</strong></span> <span class='ocrx_word' id='word_1_277' title='bbox 248 3808 306 3871; x_wconf 87' lang='lat' dir='ltr'><strong>(qui</strong></span> <span class='ocrx_word' id='word_1_278' title='bbox 323 3807 374 3856; x_wconf 88' lang='lat' dir='ltr'><strong>illic</strong></span> <span class='ocrx_word' id='word_1_279' title='bbox 392 3809 480 3874; x_wconf 74' lang='lat' dir='ltr'><strong>erat):</strong></span> <span class='ocrx_word' id='word_1_280' title='bbox 502 3815 529 3858; x_wconf 80' lang='lat' dir='ltr'><strong>t.</strong></span> <span class='ocrx_word' id='word_1_281' title='bbox 550 3810 598 3876; x_wconf 86' lang='lat' dir='ltr'><strong>(al.</strong></span> <span class='ocrx_word' id='word_1_282' title='bbox 621 3810 665 3875; x_wconf 83' lang='grc' dir='ltr'><strong>Τ.)</strong></span> <span class='ocrx_word' id='word_1_283' title='bbox 709 3809 1218 3874; x_wconf 63' lang='lat' dir='ltr'><strong>biqueleg.proescirevelrescisceretlouf.</strong></span> 
     </span>
     <span class='ocr_line' id='line_1_34' title="bbox 156 3875 1216 3953; baseline 0.003 -20"><span class='ocrx_word' id='word_1_284' title='bbox 156 3875 276 3940; x_wconf 82' lang='lat' dir='ltr'><strong>Manlius,</strong></span> <span class='ocrx_word' id='word_1_285' title='bbox 288 3896 336 3932; x_wconf 85' lang='lat' dir='ltr'><strong>etc.</strong></span> <span class='ocrx_word' id='word_1_286' title='bbox 348 3888 424 3936; x_wconf 85' lang='lat' dir='ltr'><strong>Gron.</strong></span> <span class='ocrx_word' id='word_1_287' title='bbox 710 3901 790 3937; x_wconf 81' lang='lat' dir='ltr'><strong>tamen</strong></span> <span class='ocrx_word' id='word_1_288' title='bbox 802 3901 827 3937; x_wconf 87' lang='lat' dir='ltr'><strong>et</strong></span> <span class='ocrx_word' id='word_1_289' title='bbox 839 3890 908 3953; x_wconf 78' lang='lat' dir='ltr'><strong>Virg.</strong></span> <span class='ocrx_word' id='word_1_290' title='bbox 921 3891 952 3938; x_wconf 84' lang='lat' dir='ltr'><strong>G.</strong></span> <span class='ocrx_word' id='word_1_291' title='bbox 965 3890 1010 3948; x_wconf 79' lang='lat' dir='ltr'><strong>lv,</strong></span> <span class='ocrx_word' id='word_1_292' title='bbox 1024 3904 1066 3949; x_wconf 86' lang='lat'><strong>70,</strong></span> <span class='ocrx_word' id='word_1_293' title='bbox 1081 3899 1106 3936; x_wconf 79' lang='lat' dir='ltr'><strong>et</strong></span> <span class='ocrx_word' id='word_1_294' title='bbox 1121 3888 1216 3938; x_wconf 68' lang='lat' dir='ltr'><strong>Colum.</strong></span> 
     </span>
     <span class='ocr_line' id='line_1_35' title="bbox 108 3963 1064 4031; baseline 0.014 -24"><span class='ocrx_word' id='word_1_295' title='bbox 108 3994 114 4007; x_wconf 76' lang='grc'><strong><em>,</em></strong></span> <span class='ocrx_word' id='word_1_296' title='bbox 193 3966 216 4012; x_wconf 84' lang='grc'><strong>3,</strong></span> <span class='ocrx_word' id='word_1_297' title='bbox 230 3963 302 4027; x_wconf 83' lang='lat' dir='ltr'><strong>Quod</strong></span> <span class='ocrx_word' id='word_1_298' title='bbox 311 3965 429 4028; x_wconf 57' lang='lat' dir='ltr'><strong>Oly‘mpioe</strong></span> <span class='ocrx_word' id='word_1_299' title='bbox 440 3967 526 4016; x_wconf 73' lang='lat' dir='ltr'><strong>dedier.</strong></span> <span class='ocrx_word' id='word_1_300' title='bbox 537 3984 567 4015; x_wconf 73' lang='lat' dir='ltr'><strong>aa</strong></span> <span class='ocrx_word' id='word_1_301' title='bbox 580 3980 665 4016; x_wconf 77' lang='lat' dir='ltr'><strong>oestate</strong></span> <span class='ocrx_word' id='word_1_302' title='bbox 709 3970 761 4027; x_wconf 75' lang='lat'><strong>11,</strong></span> <span class='ocrx_word' id='word_1_303' title='bbox 776 3983 800 4031; x_wconf 83' lang='lat'><strong>9.</strong></span> <span class='ocrx_word' id='word_1_304' title='bbox 891 4008 894 4015; x_wconf 90' lang='lat'><em>.</em></span> <span class='ocrx_word' id='word_1_305' title='bbox 1062 3983 1064 3991; x_wconf 89' lang='grc'><strong>’</strong></span> 
     </span>
    </p>

    <p class='ocr_par' dir='ltr' id='par_1_5' title="bbox 154 4035 1219 4111">
     <span class='ocr_line' id='line_1_36' title="bbox 154 4035 1219 4111; baseline 0.004 -23"><span class='ocrx_word' id='word_1_306' title='bbox 154 4043 262 4104; x_wconf 71' lang='lat' dir='ltr'><strong>fiitnmm</strong></span> <span class='ocrx_word' id='word_1_307' title='bbox 274 4056 341 4100; x_wconf 80' lang='lat' dir='ltr'><strong>erat,</strong></span> <span class='ocrx_word' id='word_1_308' title='bbox 359 4043 460 4111; x_wconf 82' lang='lat' dir='ltr'><strong>Olymp.</strong></span> <span class='ocrx_word' id='word_1_309' title='bbox 472 4048 533 4105; x_wconf 69' lang='lat'><strong>143,</strong></span> <span class='ocrx_word' id='word_1_310' title='bbox 551 4063 571 4095; x_wconf 85' lang='grc' dir='ltr'><strong>ι.</strong></span> <span class='ocrx_word' id='word_1_311' title='bbox 591 4048 664 4098; x_wconf 79' lang='lat' dir='ltr'><strong>Cous.</strong></span> <span class='ocrx_word' id='word_1_312' title='bbox 745 4047 768 4094; x_wconf 80' lang='lat'><strong>5.</strong></span> <span class='ocrx_word' id='word_1_313' title='bbox 780 4035 918 4094; x_wconf 59' lang='lat' dir='ltr'><strong>Inimicum</strong></span> <span class='ocrx_word' id='word_1_314' title='bbox 926 4057 1008 4094; x_wconf 80' lang='lat' dir='ltr'><strong>autem</strong></span> <span class='ocrx_word' id='word_1_315' title='bbox 1018 4046 1109 4094; x_wconf 78' lang='lat' dir='ltr'><strong>nobiles</strong></span> <span class='ocrx_word' id='word_1_316' title='bbox 1122 4044 1219 4109; x_wconf 78' lang='lat' dir='ltr'><strong>(propr,</strong></span> 
     </span>
    </p>
   </div>
   <div class='ocr_carea' id='block_1_4' title="bbox 0 0 1388 4574">
    <p class='ocr_par' dir='ltr' id='par_1_6' title="bbox 0 0 1388 4574">
     <span class='ocr_line' id='line_1_37' title="bbox 0 0 1388 4574; baseline 0 0"><span class='ocrx_word' id='word_1_317' title='bbox 0 0 1388 4574; x_wconf 95' lang='lat' dir='ltr'><strong> </strong></span> 
     </span>
    </p>
   </div>
  </div>
 </body>
</html>
