2768 4574
176 335 247 421 nso
600 339 639 406 r.
672 340 812 407 nvn
1085 314 1208 428 aaa:

177 458 363 526 concessit.
379 455 526 526 Publice
544 482 609 527 nec
627 459 732 544 dare,
756 483 821 527 nec
835 463 969 553 eripere
981 483 1019 527 se
1033 459 1234 554 quidquam

178 566 425 651 Locrensibus,
451 567 558 654 dixit3
577 574 730 638 Romam
749 573 927 636 mitterent
943 566 1075 661 legatos
1093 593 1102 634 :
1121 592 1233 662 quarn

176 691 321 750 senatus
334 699 479 771 aequum
501 685 693 748 censuisset
703 688 727 764 ¹,
743 703 824 747 earn
828 678 1023 767 fortunam
1036 675 1231 746 babituros.

177 783 276 855 Illud
294 793 381 856 satis
401 793 506 873 scire,
532 794 598 857 etsi
616 787 774 857 molada
787 787 928 884 populo
949 812 1099 857 romano
1118 793 1237 855 meriti

177 911 305 980 essent,
332 901 369 964 in
389 895 535 966 meliore
553 914 649 966 statu
669 897 736 967 sub
761 903 859 966 iratis
879 903 1052 967 Romanis
1067 899 1233 986 futuros,

178 1030 288 1100 quam
317 1005 384 1075 sub
417 1012 540 1076 amicis
573 1006 925 1101 Carthaginiensibus
944 1008 1098 1097 fuerint.
1130 1009 1232 1100 Ipse,

179 1115 404 1203 Q.Pleminio
423 1116 539 1213 legato
552 1115 808 1214 praesidioque,
824 1114 924 1212 quod
942 1140 1058 1184 arcem
1075 1127 1233 1209 ceperat,

177 1224 222 1294 ad
247 1225 419 1294 tuendam
438 1226 567 1297 urbem
587 1226 732 1315 relicto,
752 1251 835 1296 cum
856 1225 991 1321 quibus
1008 1239 1155 1295 venerat
1174 1248 1236 1293 co·

175 1335 260 1430 piis,
277 1340 478 1405 Messanam
494 1336 643 1430 trajecit.
663 1343 717 1407 lta
736 1336 890 1432 superbe
906 1350 941 1405 ct
961 1334 1154 1405 crudeliter
1174 1332 1235 1402 ha·

176 1441 242 1513 biti
255 1448 454 1515 Locrenses
466 1445 511 1515 ab
527 1445 881 1542 Carthaginiensibus
894 1459 976 1542 post
996 1442 1236 1514 defectionem

177 1551 222 1622 ab
248 1555 418 1625 Romanis
435 1554 594 1643 fuerant,
617 1572 658 1626 ut
679 1556 836 1627 modicas
859 1556 1007 1650 injurias
1030 1578 1106 1623 non
1130 1577 1236 1648 aequo

176 1660 287 1732 modo
307 1664 426 1734 animo
446 1667 537 1762 pati,
557 1664 619 1736 sed
637 1690 750 1763 prope
764 1665 905 1736 lubenti
923 1679 1081 1762 possent.
1100 1668 1237 1733 Verum

178 1773 360 1844 enimvero
376 1789 517 1846 tantum
533 1777 723 1847 Pleminius
736 1776 973 1845 Hamilcarem
985 1771 1138 1870 praesidii
1152 1797 1238 1870 prae-

177 1870 332 1970 fectum,
347 1899 487 1955 tantum
503 1885 709 1983 praesidiarii
723 1886 853 1956 milites
863 1883 1002 1955 romani
1015 1887 1148 1952 Poenos
1164 1905 1237 1951 sce-

177 1991 251 2063 lere
270 2008 377 2091 atque
396 1997 540 2066 avaritia
558 2009 834 2095 superaverunt,
860 2008 900 2064 ut
925 2017 1001 2062 non
1027 1992 1153 2077 armis,
1174 1988 1239 2060 sed

178 2103 272 2172 vitiis
289 2105 471 2176 videretur
488 2107 625 2178 certari.
648 2105 744 2178 Nihil
766 2106 946 2189 omnium,
963 2126 1042 2198 quae
1060 2100 1161 2196 inopi
1180 2099 1238 2169 in-

181 2210 273 2279 visas
291 2236 379 2308 opes
402 2216 614 2310 potentioris
640 2213 790 2301 faciunt,
814 2213 1091 2311 praetermissum
1111 2211 1149 2278 in
1172 2232 1239 2305 op-

180 2318 332 2414 pidanos
345 2335 398 2391 est
412 2321 456 2391 ab
472 2323 576 2412 duce,
591 2338 652 2394 aut
668 2349 688 2394 a
706 2322 880 2393 militibus
898 2350 904 2389 :
923 2323 960 2392 in
981 2344 1134 2417 corpora
1147 2321 1241 2416 ipso·

179 2454 277 2514 rum,
304 2432 342 2500 in
377 2430 528 2518 liberos,
557 2435 595 2502 in
620 2434 792 2530 conjuges
818 2430 974 2502 infandae
1009 2428 1239 2501 contumeliae

178 2538 292 2610 editae.
309 2544 399 2613 Nam
414 2544 558 2613 avaritia
576 2569 623 2614 ne
638 2553 844 2614 sacrorum²
858 2540 1004 2639 quidem
1021 2541 1238 2639 spoliatione

179 2649 375 2722 abstinuit:
394 2678 460 2724 nec
479 2653 546 2725 alia
563 2654 674 2724 modo
689 2653 825 2750 templa
841 2653 989 2739 violata,
1010 2651 1073 2724 sed
1091 2656 1236 2722 Proser-

178 2763 270 2858 pinae
297 2764 420 2853 etiam,
448 2765 573 2836 intacti
598 2766 697 2836 omni
723 2778 841 2850 aetate,
869 2759 1066 2851 thesauri³;
1087 2775 1240 2858 praeter·

175 2893 284 2966 quam
303 2873 402 2968 quod
423 2899 442 2945 a
461 2875 612 2970 Pyrrho,
632 2877 796 2972 quicum
817 2899 946 2970 magno
966 2873 1236 2970 piaculosacri·

179 2981 261 3077 legii
283 2984 338 3052 sui
360 2984 547 3055 manubias
569 2986 710 3072 retulit,
730 2986 872 3082 spoliati
893 2983 1118 3054 dicebantur.
1144 2986 1239 3078 Ergo

180 3091 271 3161 sicut
292 3107 374 3163 ante
393 3095 498 3190 regiae
524 3119 648 3181 naves
668 3096 829 3165 laceratae
850 3091 1066 3190 naufragiis,
1091 3091 1182 3161 nihil
1201 3092 1240 3159 in

216 3291 276 3339 cn».
283 3291 351 3336 VIII.
363 3306 384 3337 1.
396 3292 474 3352 Quam
487 3303 584 3340 senatus
593 3309 688 3356 aequum
768 3295 790 3340 3.
811 3293 963 3355 Proserpina
982 3290 1070 3337 intacti
1087 3289 1154 3336 oanni
1168 3300 1241 3336 atate

179 3368 307 3415 censuisset
316 3370 462 3418 eoshabere.
733 3371 850 3426 thesauri,
869 3373 1061 3439 pecuniasque,
1076 3368 1103 3414 in
1118 3369 1170 3427 ejus
1184 3377 1242 3413 tem·
1330 3397 1333 3403 ,

216 3463 240 3494 2.
254 3449 320 3494 Nam
330 3448 435 3495 avaritia
447 3465 477 3495 ne
489 3465 627 3505 sacrorum,
640 3461 686 3497 eto.
731 3450 775 3515 plo
785 3448 910 3497 recondita
920 3448 996 3512 (conf.
1007 3445 1098 3510 seqq.),
1107 3457 1149 3493 aut
1162 3446 1241 3502 forte,

180 3525 237 3572 vide
256 3526 288 3572 ad
306 3526 357 3584 111,
374 3529 420 3589 39,
440 3543 465 3574 n.
483 3529 506 3576 8.
527 3555 562 3563 -
581 3528 687 3589 Quidam
732 3543 762 3579 ut
777 3550 813 3596 gr.
832 3526 960 3596 θησαυροὶ,
978 3545 1124 3593 magnorum
1140 3527 1243 3591 templo-

178 3604 269 3651 hahent
276 3604 333 3670 jam
348 3605 519 3663 avantia;sed
528 3607 614 3672 optimi
628 3607 687 3654 dant
730 3625 785 3655 rum
795 3608 915 3664 aediculae,
936 3607 962 3653 in
973 3606 1061 3669 quibus
1072 3605 1173 3668 singular
1184 3605 1244 3650 civi·

182 3698 255 3740 nam,·
271 3695 295 3731 et
315 3699 372 3731 sane
390 3697 488 3732 namet
504 3686 560 3751 jam
580 3686 687 3746 ejusdem
730 3698 791 3734 tates
801 3703 843 3733 sua
852 3701 960 3733 seorsum
969 3685 1067 3732 donaria
1074 3683 1241 3746 reponebant3

182 3763 308 3823 potestatis
318 3780 369 3810 esse
377 3799 384 3820 ,
393 3772 465 3827 atque
478 3766 598 3829 eleganter
611 3777 687 3812 trans·
731 3764 782 3811 vid.
790 3764 924 3826 Schweigh.
934 3764 965 3810 ad
972 3764 1078 3827 Appian.
1090 3763 1119 3808 de
1128 3763 1177 3809 reb.
1187 3762 1243 3809 Ital.

182 3839 269 3886 lationi
285 3842 325 3888 vel
342 3844 515 3892 connectenda
533 3845 638 3892 orationi
650 3844 688 3891 in·
732 3845 859 3906 Fragm.8,
870 3842 1057 3890 etValcken.ad
1069 3841 1188 3889 Herodot.
1199 3843 1243 3897 IV,

184 3919 272 3964 servire
286 3919 422 3969 docuerunt
439 3924 549 3971 Perizon.
563 3924 595 3970 ad
607 3922 688 3970 Valer.
736 3924 792 3969 162.
807 3947 841 3957 -
858 3923 882 3967 Α
898 3921 1006 3982 Pyrrho,
1024 3921 1068 3984 qui
1083 3937 1137 3966 cnm
1154 3935 1244 3982 magam

184 3996 251 4043 MU-
269 3999 294 4053 Ι,
313 4001 344 4056 6,
362 4017 405 4060 10,
423 4012 447 4050 et
466 4005 556 4053 Duker.
575 4004 606 4050 ad
625 4003 690 4050 uon
729 4000 830 4065 piaculo
843 4000 1125 4066 sacrilegii..‚spoliati;
1140 3997 1197 4045 vide
1209 3996 1243 4043 ad

184 4075 252 4137 praef.
265 4073 281 4138 S
294 4093 322 4136 2,
332 4093 393 4139 quos
405 4080 487 4128 laudnt
497 4083 572 4132 Drak.
585 4085 630 4131 En.
735 4097 787 4145 cap.
804 4083 846 4139 18,
865 4098 890 4129 n.
902 4096 927 4141 a,
949 4082 972 4127 3.
