2768 4574
210 305 312 392 ‘'²²{1
395 314 557 400 cisun
590 315 737 380 xxvi.
765 313 875 380 esp.
901 315 993 380 ΧΠ.
1159 311 1226 383 133

161 448 344 531 poterant.
370 438 412 503 In
437 436 645 531 magistratu
674 448 794 504 autem
823 431 936 524 erat⁵‚
966 435 1030 532 qui
1059 435 1226 507 nonsibi

161 542 342 615 honorem
367 542 572 639 adjecisset,
597 544 661 615 sed
683 545 895 640 indignitate
924 571 987 617 sua
1009 533 1143 618 vimac
1166 548 1227 641 jus

162 655 403 751 magistratui,
422 679 531 751 quem
550 654 711 752 gerebat,
728 654 925 727 demsisset.
940 661 1017 727 Jam
1031 682 1079 730 ne
1092 658 1133 729 iu
1145 655 1227 730 foro
1284 683 1289 692 ·

162 762 329 859 quidem,
345 780 406 835 aut
418 764 566 863 publico
580 764 681 849 loe0‚
698 765 903 862 principum
916 767 1108 862 qnisquam
1122 792 1230 865 appa.-

161 873 286 945 rebat:
302 873 471 947 domibus
489 873 623 955 inclusi
641 875 763 972 patrite
781 898 949 945 occasum
965 900 1049 945 cnm
1068 901 1134 946 suo
1150 880 1225 948 exi-

161 985 213 1052 tio
230 985 268 1053 in
286 984 361 1056 dies
379 983 647 1082 exspectabant.
666 989 812 1055 Summa
836 1009 929 1055 curse
948 986 1066 1076 omnis
1087 988 1125 1056 in
1144 993 1226 1061 Bos

161 1107 275 1165 tarem
293 1100 584 1191 Hannonemque
603 1092 790 1192 praefectos
810 1093 963 1191 praesidii
983 1096 1110 1192 punici
1126 1120 1227 1176 versa

161 1219 254 1290 erat,
272 1231 357 1292 suo,
375 1230 450 1276 non
469 1206 670 1295 sociorum,
687 1192 855 1302 periculo*
867 1204 1048 1279 sollicitos.
1068 1208 1129 1293 Hi,
1144 1232 1227 1281 cou-
1287 1206 1289 1210 ⁴

160 1313 302 1410 scriptis
318 1314 363 1386 ad
384 1303 622 1387 Hannibalem
640 1314 770 1403 literis,
789 1341 866 1387 non
882 1315 996 1392 libere
1014 1316 1147 1404 modo,
1163 1317 1227 1391 sed

161 1429 269 1497 etiam
290 1451 430 1522 aspere,
454 1420 611 1522 quibus⁶
632 1450 706 1497 non
733 1429 897 1524 Capuam
916 1427 1033 1499 solam
1056 1428 1227 1501 traditam

160 1540 197 1605 in
219 1561 369 1606 manum
390 1535 566 1624 hostibus,
591 1537 659 1607 sed
681 1561 720 1606 se
739 1563 884 1634 quoque
904 1553 940 1608 et
949 1538 1167 1636 praesidium
1188 1545 1227 1608 in

160 1671 283 1718 omnes
303 1653 482 1719 cruciatur
492 1648 699 1745 proditos⁷,
722 1647 937 1720 incusabant
960 1675 968 1718 ε
992 1649 1123 1723 abiisse
1140 1675 1227 1729 ,eum

160 1764 197 1828 in
214 1765 387 1847 Bruttios,
406 1758 508 1830 uelut
519 1776 734 1830 avertentem
747 1785 839 1847 sese,
856 1786 902 1831 ne
920 1763 1047 1860 Capua
1061 1767 1098 1831 in
1115 1761 1228 1835 oculis

159 1872 236 1964 ejus
252 1885 450 1967 caperetzn.
467 1869 679 1940 atterente
696 1876 878 1943 Romanos
897 1896 943 1941 ne
958 1877 1228 1968 oppugnatione

159 1980 306 2076 quidem
325 1979 423 2049 urbis
445 2004 610 2051 romana
627 1980 793 2052 abstrahi
808 1979 857 2051 ab
882 1979 1226 2077 Capua‘obsr'denda

151 2095 317 2186 potuisse
336 2116 346 2157 ε
368 2106 467 2160 tanto
488 2097 763 2161 constantiorem
786 2096 970 2161 inimicum
996 2095 1203 2164 somonam
1214 2145 1225 2176 ‚

159 2225 272 2296 quam
296 2206 455 2270 amicum
474 2205 628 2272 Poenum
652 2225 736 2274 esse.
760 2204 800 2271 Si
824 2200 951 2276 redeat
974 2202 1142 2296 Capuam
1159 2197 1228 2271 bel·

158 2310 306 2408 lumque
323 2336 431 2381 omne
450 2337 492 2382 eo
517 2327 654 2399 vertat,
677 2327 713 2381 et
734 2336 773 2382 se
792 2327 829 2382 et
854 2314 1060 2407 Campanos
1069 2325 1225 2406 paratos

158 2428 338 2518 eruptioni
343 2424 443 2515 fore.
475 2427 562 2496 Non
581 2447 663 2493 cum
688 2422 861 2517 Rhegion
883 2447 1000 2518 neque
1025 2426 1228 2493 Tarentinis

159 2531 292 2602 bellum
310 2549 473 2628 gesturos
495 2539 664 2605 transisse
681 2532 795 2630 Alpm
813 2558 823 2601 .·
840 2531 909 2607 ubi
924 2557 1091 2603 romanae
1114 2530 1227 2626 legio-

158 2667 220 2710 nes
231 2649 318 2729 sint,
334 2642 387 2711 ibi
397 2659 434 2711 et
446 2643 985 2737 Carthaginiensiumeaoraitus
997 2641 1128 2711 debere
1140 2667 1225 2714 esse.

158 2755 215 2822 Sic
228 2753 281 2821 ad
298 2754 458 2838 Cannas,
473 2759 525 2822 sic
538 2754 592 2822 od
609 2757 950 2830 Tmuimenumrem
964 2752 1054 2827 bene
1066 2768 1227 2845 gestnm3

158 2861 337 2947 coeundo,
352 2863 568 2950 conferendo
583 2887 666 2934 cum
683 2862 784 2933 hoste
802 2877 937 2947 matra,
943 2863 1143 2950 fortunam-
1156 2877 1228 2938 ten·

159 2971 281 3042 tando.
296 2975 338 3039 In
352 2969 447 3040 hanc
461 2974 677 3043 sententiam
688 2971 803 3043 iiterae
812 2971 1029 3067 conscriptae
1043 2971 1226 3061 Numidis,

157 3083 343 3179 proposita
368 3081 535 3152 mercede
561 3082 634 3176 jam
664 3080 835 3180 professis
862 3105 1011 3178 operam
1022 3076 1049 3167 ⁸,
1079 3079 1222 3155 dantur.

157 3281 213 3318 ante
224 3270 298 3317 Drak.
310 3285 383 3334 quem
392 3268 487 3316 vidend
496 3270 540 3327 IV,
553 3270 597 3327 16,
609 3284 634 3316 n.
644 3271 668 3317 8.
679 3252 683 3259 ⁸
713 3258 869 3326 incusabant,
891 3270 932 3316 vel
939 3267 1069 3333 legendum
1078 3269 1112 3315 Hi
1120 3262 1234 3331 conseri-p

194 3349 218 3396 5.
229 3349 409 3413 Inmagistrata
417 3359 500 3399 antem
511 3363 605 3395 summo
615 3360 670 3395 aas
708 3365 780 3412 psere
794 3349 831 3396 asi
839 3350 871 3396 Η.
887 3348 983 3411 literas,
999 3347 1040 3395 veI
1051 3347 1157 3410 demque
1167 3360 1225 3412 post

158 3428 262 3491 Seppius
274 3429 370 3486 Lesius‚
386 3427 430 3491 qni
437 3444 487 3474 non
495 3427 543 3474 sibi
552 3427 669 3474 honorem
712 3428 786 3474 verba
803 3429 927 3475 literarum
947 3429 977 3472 In
998 3425 1061 3472 hanc
1081 3427 1224 3474 sententiam

158 3505 298 3568 affecisset,
315 3507 485 3555 auctoritatem
497 3507 605 3557 auxusst
620 3508 669 3557 vit-
713 3507 796 3555 Iiteras
813 3507 960 3570 conscriptas
976 3505 1089 3552 Nurridis
1106 3505 1175 3553 dant.
1189 3533 1224 3542 --

158 3584 251 3632 tutibus
260 3597 285 3633 et
291 3586 433 3645 nobilitate,
443 3585 488 3634 sed
497 3586 624 3637 minuisset
634 3588 669 3637 in-
711 3588 767 3633 Hoc
784 3601 834 3632 non
855 3585 993 3632 inauditum
1011 3601 1039 3630 nc
1056 3585 1178 3648 singulare
1196 3599 1224 3636 ut

85 3674 88 3680 ’
158 3663 348 3726 dignitatum,
365 3665 471 3713 obscura
487 3668 580 3731 origisse
594 3679 619 3717 et
632 3679 668 3716 te·
712 3682 762 3714 vox
773 3663 993 3729 quadam‚·stetim
1004 3675 1120 3726 sequente
1133 3664 1224 3712 oratio·

157 3742 324 3800 unisonum,
342 3743 492 3809 indignaque
507 3748 615 3795 miinoris
628 3763 668 3810 ge·
711 3748 751 3797 uis
766 3763 809 3796 seu
822 3745 948 3796 literarum
964 3744 1103 3802 mentione,
1117 3744 1225 3808 pendula

158 3820 228 3867 randi
242 3820 343 3869 ratione.
356 3823 448 3871 Confer
459 3840 513 3888 cap.
526 3825 549 3872 6.
712 3837 821 3876 maneat:
832 3826 868 3874 sio
876 3826 951 3885 VIII,
964 3840 1005 3883 11,
1013 3825 1044 3872 cl·
1054 3826 1100 3872 Eo.

193 3900 217 3948 6.
228 3901 262 3950 Hi
274 3900 414 3964 conscriptis
427 3903 580 3951 adHarmib.
594 3904 668 3952 literis
716 3950 721 3958 ,
751 3906 1187 3970 7.lnomnescr.pr.;v-11,43‚‚n.
1201 3903 1223 3950 5.

158 3979 471 4044 ...qaibns...incasnbant
484 4000 493 4030 .·
509 3983 668 4037 fortsdnlen·
749 3984 772 4030 8.
781 3984 960 4050 Jamprofissis
971 3999 1086 4047 operam,
1100 3983 1224 4031 for-teram

159 4063 218 4112 dum
234 4074 271 4112 est
286 4059 314 4113 τὸ
329 4058 426 4121 quibas,
449 4072 476 4108 ut
492 4063 625 4125 jungantur
642 4062 670 4121 ti
708 4060 776 4127 pros.
791 4078 897 4127 operam.
913 4065 981 4114 Dok.
