2768 4574
184 297 306 401 llll?
399 309 552 379 cinna
579 309 719 376 xxvi.
748 309 855 376 car.
881 309 980 374 xm.
1157 259 1224 400 ist

156 466 174 501 «
187 437 283 532 gavit
294 431 441 504 fortuna
455 458 462 500 ε
478 431 657 529 primum,
672 428 772 525 quod
789 454 830 499 ea
842 431 974 526 pietate
987 452 1070 526 erga
1084 442 1224 524 patrem

157 560 431 644 «patruumque
447 565 571 613 meum
590 542 690 610 vivos
709 554 946 636 mortuosque
964 537 1079 610 filistis
1095 567 1102 609 :
1119 539 1225 610 dein-

158 685 176 719 «
191 654 254 743 de,
274 653 376 750 quod
393 654 557 723 amissam
576 664 676 721 tanta
693 649 794 720 clade
816 650 1010 746 provinciae
1028 652 1225 748 possessio·

158 795 176 831 ι(
190 791 274 837 nem
292 767 467 864 integram
486 779 522 835 et
539 763 677 861 populo
689 786 860 850 romano,
874 776 910 831 et
925 762 1122 832 successori
1136 760 1226 831 mihi

158 879 321 948 «virtute
337 891 453 948 vestra
467 873 685 945 obtinuistis.
704 872 776 943 Sed
788 896 902 968 quum
916 871 990 965 jam
1002 869 1227 968 benignitate

159 1015 176 1052 «
189 986 300 1058 deum
313 984 351 1056 id
366 1009 534 1082 paremus
551 997 660 1080 atque
679 1006 841 1079 agamus,
860 1007 938 1051 non
954 994 995 1050 ut
1009 981 1078 1078 ipsi
1089 985 1229 1052 manea·

160 1120 271 1168 «mus
290 1098 329 1165 in
342 1096 533 1193 Hispania,
548 1094 612 1165 scd
627 1118 673 1165 ne
690 1093 792 1165 Poeni
810 1106 999 1180 maneant,
1015 1115 1084 1162 nec
1102 1105 1144 1161 ut
1159 1115 1228 1188 pro

160 1206 271 1302 «ripa
290 1203 388 1275 Iberi
407 1218 543 1276 stantes
569 1227 753 1275 arceamus
775 1204 966 1274 transitum
988 1200 1147 1291 hostis2,
1165 1201 1228 1274 sed

160 1328 232 1386 «ut
256 1316 354 1386 ultro
379 1331 604 1389 transeamus
627 1313 957 1412 transferamusque
981 1312 1141 1402 bellum3
1165 1338 1229 1383 ve-

159 1450 293 1509 «reor,
316 1452 362 1498 ne
383 1428 442 1497 cui
462 1441 624 1498 vestrum
643 1425 759 1520 majus
780 1426 818 1496 id
840 1423 1084 1521 audaciusque
1109 1425 1229 1495 consi-

160 1567 177 1602 «
191 1537 299 1625 lium,
315 1561 427 1635 quam
444 1552 506 1607 aut
520 1561 589 1634 pro
607 1535 781 1607 memoria
799 1533 955 1606 cladium
971 1558 1090 1631 nuper
1106 1557 1230 1630 accep-

160 1662 327 1736 «tarum,
343 1662 404 1718 aut
418 1673 487 1746 pro
502 1661 604 1718 aetate
618 1671 717 1733 mea,
731 1645 907 1717 videatur.
923 1644 1089 1716 Adversas
1100 1669 1230 1742 pugnae

160 1787 178 1822 «
191 1758 231 1830 iu
243 1759 415 1855 Hispania
428 1757 563 1828 nullius
580 1760 617 1827 in
633 1758 774 1844 animo,
790 1780 900 1853 quam
912 1780 1013 1842 meo,
1027 1754 1149 1826 minus
1162 1751 1230 1824 ob*

138 1897 178 1952 ⁴a
190 1868 327 1939 literari
348 1882 520 1964 possunt;
540 1869 677 1964 quippe
699 1867 757 1936 cui
775 1880 878 1962 pater
898 1879 935 1936 et
957 1879 1110 1962 patruus
1137 1866 1232 1934 intra

161 2008 179 2044 «
192 1980 338 2077 triginta
351 1979 494 2049 dierum
511 1979 685 2076 spatium,
700 1990 742 2046 nt
759 1974 856 2047 aliud
870 1999 980 2073 super
994 1975 1092 2047 aliud
1106 2000 1232 2045 cumu-

162 2119 180 2157 ι(
193 2090 330 2160 leretur
344 2085 487 2158 familiae
501 2103 634 2158 nostrae
647 2085 774 2176 funus,
789 2084 971 2158 interfecti
990 2101 1086 2157 sunt.
1107 2086 1175 2157 Sed
1192 2101 1232 2157 ut

162 2196 376 2269 «familiaris
392 2223 495 2296 paene
511 2197 648 2268 orbitas
667 2222 707 2269 ac
725 2196 885 2268 solitudo
904 2195 1035 2294 frangit
1053 2198 1230 2285 animum,

162 2310 242 2380 «ita
263 2308 411 2407 publica
434 2333 550 2406 quum
573 2306 820 2380 fortunatum
842 2309 956 2378 virtus
976 2306 1169 2405 desperare
1187 2307 1233 2377 de

163 2449 180 2484 n
195 2443 335 2490 summa
345 2443 467 2490 rerum
481 2415 690 2516 prohibet?
706 2416 758 2488 Ea
768 2417 843 2489 lato
856 2419 1016 2516 quodam
1030 2418 1114 2489 data
1128 2416 1235 2490 nobis

122 2617 125 2624 Ι
164 2553 273 2601 «sors
294 2544 369 2617 est,
389 2544 429 2600 ut
449 2529 589 2626 magnis
611 2528 782 2600 omnibus
804 2528 908 2600 bellis
925 2530 1010 2599 victi
1031 2529 1232 2599 vicerimus.

165 2643 326 2709 «Vetera
340 2641 490 2727 omitto,
507 2646 724 2729 Porsenam,
743 2640 883 2727 Gallos,
905 2643 1108 2712 Samnites:
1129 2664 1233 2741 ap-u

164 2779 181 2812 «
195 2749 284 2818 nicis
299 2747 427 2819 bellis
419 2752 608 2848 incipiam:
625 2765 718 2848 quot
732 2751 878 2841 classes,
895 2766 988 2848 quot
1002 2747 1162 2838 duces,
1143 2766 1235 2849 quot

166 2889 184 2926 c
199 2859 377 2930 exercitus
403 2861 525 2956 priore
552 2860 651 2931 bello
677 2862 796 2933 amissi
818 2862 926 2931 sunt?
949 2868 1027 2931 Jam
1048 2863 1139 2958 quid
1166 2862 1237 2933 boo

166 2999 184 3036 ι(
197 2967 296 3041 bello
317 2972 540 3040 memorem?
557 2971 738 3042 Omnibus
758 2986 821 3042 aut
836 2974 917 3069 ipse
938 2970 1037 3042 adfui
1052 2971 1236 3063 cladibus,

167 3109 184 3146 a
199 3094 283 3165 aut,
302 3077 437 3178 quibus
454 3078 573 3168 abfui,
587 3083 741 3153 maxime
760 3108 857 3154 unus
876 3085 1042 3154 omnium
1056 3108 1116 3156 eas
1128 3086 1237 3155 sensit

146 3260 149 3267 ,
167 3189 341 3279 «Trebia,
356 3192 607 3279 Trasimenus,
622 3197 771 3281 Cannae,
788 3192 877 3290 quid
895 3193 992 3264 aliud
1007 3208 1112 3277 sunt,
1128 3219 1238 3290 quam

168 3332 185 3366 «
198 3304 422 3373 monimenta
438 3305 640 3374 occisorum
657 3305 882 3374 exercituum
898 3305 1165 3400 consulumque
1184 3329 1239 3374 ro·
1305 3319 1314 3331 “

170 3441 187 3476 «
200 3414 415 3485 manorum?
430 3413 532 3484 Adde
547 3412 789 3485 defectionem
807 3416 936 3505 ltaliae,
952 3416 1077 3488 Siciliae
1092 3415 1238 3510 majoris

206 3617 230 3648 a.
249 3604 383 3649 Arceamus
402 3603 531 3651 transitum
548 3601 635 3659 bostis,
657 3603 683 3648 id
728 3603 845 3650 memoria
855 3603 981 3675 cladium,
994 3613 1059 3662 etc.3
1073 3604 1130 3652 vide
1140 3604 1172 3651 ad
1181 3606 1243 3663 Vll,

171 3691 221 3737 est,
239 3681 323 3728 hostes
334 3687 502 3739 transeuntes,
516 3692 545 3729 ut
558 3684 582 3740 l,
601 3682 647 3739 30,
659 3693 684 3729 et
730 3682 775 3740 33,
788 3699 813 3730 n.
827 3698 851 3730 a.
871 3683 934 3730 Mox
946 3681 1067 3748 interficti
1078 3683 1128 3731 sint
1137 3684 1242 3732 malebat

171 3762 224 3817 111,
240 3761 288 3821 69,
299 3758 366 3825 stega
379 3776 425 3823 pro
438 3761 604 3824 fugientibus;
624 3763 683 3808 Em.
729 3762 808 3810 Grou.

172 3838 320 3902 Simpliciter
342 3838 404 3886 ratio
423 3851 482 3887 est:
509 3840 684 3904 prohibeamus
772 3843 796 3890 3.
819 3841 922 3889 Publica
933 3840 1041 3906 fortuna
1063 3841 1192 3906 desperare
1212 3843 1243 3890 dc
1334 3862 1342 3884 ι

173 3919 300 3966 transitum
320 3918 405 3964 hostis.
426 3920 561 3966 Arceamus
581 3919 685 3966 transitu
730 3930 824 3961 summa
837 3929 917 3959 rerum
927 3911 1056 3976 prodibam
1076 3913 1133 3961 vide
1148 3914 1179 3962 ad
1192 3917 1243 3973 ΙΙΙ,

174 3998 252 4046 hostes
269 3997 347 4045 edidit
360 3997 435 4043 Druk.
453 4013 484 4043 ex
496 3997 593 4046 emend.
608 4000 685 4046 Gron.
732 3993 759 4052 5,
772 4010 797 4040 n.
807 3993 837 4051 6,
851 4005 876 4040 et
885 3994 934 4052 VI,
947 3993 1023 4052 30,n.
1033 3995 1057 4040 3.
1068 4020 1103 4029 -
1112 3997 1170 4041 lam
1184 3994 1246 4057 quid

174 4103 209 4115 —-
217 4075 392 4142 Audaciusque
400 4075 543 4137 consilium,
557 4093 632 4141 quam
638 4093 686 4141 pro
732 4071 987 4134 ltocbello'memorem,
999 4073 1171 4123 scil.amissum
1179 4076 1245 4122 csse?
