2768 4574
1122 278 1152 317 Δ.
1165 275 1194 316 C.
1212 280 1262 319 20⁸.

199 306 267 403 293
632 305 670 369 r.
702 302 840 369 mvn
1120 336 1263 388 ΜΨ,

195 431 233 499 in
248 441 375 497 senatu
392 424 607 507 sententiam
628 422 756 492 dicere.
774 425 866 506 Tum
884 444 928 490 ex
942 434 1046 490 tanto
1073 420 1289 492 intervallo

196 538 340 609 auditus
356 535 533 606 convertit
551 557 615 604 ora
629 532 821 603 hominum
836 533 873 601 in
889 557 941 618 se,
960 556 1197 630 causamque
1212 557 1288 605 ser·

195 647 366 717 monibus
381 644 552 741 praebuit,
570 643 718 739 indigno
733 643 904 737 injuriam
921 668 946 713 α
954 642 1284 742 populofuctam,

197 780 402 852 magnoque
418 755 459 823 id
472 753 608 825 damno
616 757 752 845 fuisse,
771 755 874 850 quod
884 770 959 824 tam
971 760 1079 851 gravi
1091 752 1199 826 bello
1213 779 1285 827 nec

196 892 326 965 opero,
355 890 420 934 nec
450 864 598 934 consilio
628 862 708 933 tulis
740 869 813 933 viri
839 890 905 935 usa
930 863 1143 964 respublica
1171 882 1282 937 esset.

199 981 236 1047 C.
249 981 390 1048 Neroni
401 1000 518 1071 neque
535 978 580 1066 (i.
593 974 767 1060 Fabium,
785 1000 902 1073 neque
919 981 970 1046 M.
985 974 1183 1047 Valerium
1195 981 1282 1047 Lce-

195 1092 316 1154 rinum
337 1085 422 1154 duri
441 1083 594 1180 collegas
605 1109 731 1180 posse,
750 1091 838 1181 quia
856 1087 947 1157 duos
953 1092 1139 1185 patricios
1153 1092 1284 1158 creari

194 1221 267 1266 non
281 1195 419 1265 liceret⁴
436 1221 447 1263 ε
463 1195 629 1265 eamdem
642 1219 791 1265 causam
805 1202 843 1266 in
862 1203 899 1269 Τ.
911 1196 1053 1268 Manlio
1071 1222 1280 1296 esse,proe·

193 1323 359 1405 terquam
375 1306 478 1403 quod
488 1321 685 1376 recusasset
701 1306 860 1378 delatum
874 1308 1102 1380 consulatum
1121 1330 1277 1379 recusa·

194 1434 365 1515 iurasque
379 1433 475 1488 esset.
490 1422 686 1514 Egregium
691 1442 770 1514 par
780 1419 967 1490 consulum
974 1422 1077 1510 sore,
1092 1423 1131 1488 si
1144 1423 1204 1488 M.
1213 1423 1274 1489 Li·-

195 1544 291 1607 rium
314 1541 351 1608 C.
368 1536 519 1608 strando
536 1535 708 1632 collegam
725 1535 984 1629 adjunxissent.
1006 1534 1081 1601 Nec
1098 1528 1274 1626 populus

195 1649 419 1718 mentionem
435 1649 512 1742 ejus
526 1649 579 1717 rei
595 1661 711 1717 ortam
725 1641 917 1714 aPatribus
929 1655 981 1710 est
996 1638 1271 1736 adspernatus:
1298 1706 1302 1714 .

194 1781 290 1826 unus
311 1781 390 1827 eam
409 1782 485 1827 rem
508 1759 546 1826 in
564 1757 706 1826 civitate
725 1756 773 1840 is,
791 1753 849 1824 cui
866 1747 1099 1822 deferebatur
1120 1748 1272 1838 bonos,

115 1936 126 1953 .
196 1865 396 1951 abnuebat,
415 1867 595 1938 levitatem
615 1866 766 1936 civitatis
782 1885 963 1962 accusans.
979 1858 1172 1929 Sordiduti
1178 1854 1195 1901 ⁵
1215 1864 1274 1964 rei

194 1999 268 2045 non
281 1982 472 2062 miseritos,
488 1975 683 2047 candidam
698 1991 818 2071 togam
836 1977 942 2042 inrito
961 1970 1093 2060 (fferre
1106 1995 1118 2038 .·
1132 1970 1269 2041 eodem

195 2086 349 2157 bonores
356 2111 560 2183 poenasque
575 2091 728 2182 congeri.
738 2090 779 2156 Si
790 2085 925 2154 bonum
938 2087 1059 2152 virum
1072 2080 1268 2167 ducerent,

197 2197 289 2294 quid
306 2203 355 2266 itu
366 2222 439 2293 pro
459 2196 557 2267 malo
576 2223 620 2268 ac
642 2202 755 2268 noxio
776 2194 1034 2266 damnassent?
1052 2197 1086 2262 si
1106 2199 1271 2263 noxium

196 2314 460 2402 comperissent,
477 2307 569 2404 quid
580 2313 644 2395 ita,
661 2306 757 2377 male
771 2305 904 2376 credito
909 2308 1036 2400 priore
1049 2301 1268 2389 consulatu,

196 2415 347 2485 alterum
361 2417 658 2487 crederentPHaec
668 2417 823 2513 taliaque
837 2426 1046 2512 arguentem
1057 2424 1096 2481 et
1104 2436 1269 2509 queren-

196 2539 269 2595 tem
288 2526 507 2622 castigabant
529 2533 662 2617 Patres,
686 2543 722 2598 et
737 2531 788 2597 M.
803 2530 968 2610 Furium,
992 2537 1268 2610 memorantes,

197 2651 400 2705 revocatum
426 2637 471 2706 de
494 2636 640 2724 exsilio,
659 2643 825 2735 patriam
837 2634 988 2732 pulsam
1005 2630 1091 2704 sede
1111 2658 1186 2703 sua
1210 2658 1269 2704 re·

194 2743 391 2816 stituissesss
408 2764 449 2817 ut
447 2744 646 2845 parentum
653 2754 843 2832 saevitiam,
857 2751 907 2815 sic
913 2751 1051 2842 patrica
1056 2798 1067 2830 ,
1075 2744 1270 2840 patiendo

196 2857 405 2947 acserendo
419 2858 623 2929 leniendum
637 2884 723 2929 esse.
736 2858 862 2928 Adnisi
871 2879 997 2925 omnes
1007 2876 1090 2924 cum
1105 2858 1146 2925 C.
1157 2854 1271 2926 Clau·

195 2967 256 3037 dio
269 2972 318 3037 M.
329 2969 468 3038 Livium
482 2970 671 3039 consulem
685 2967 861 3051 fecerunt.

244 3083 386 3149 XXXV.
409 3083 490 3148 Post
507 3079 603 3148 diem
617 3080 763 3149 tertium
783 3081 860 3172 ejus
876 3076 964 3146 diei¹
981 3088 1186 3172 praetorum
1206 3066 1273 3149 eo-

196 3265 317 3312 Convcrtit
326 3282 371 3312 ora
380 3264 579 3324 hominnminse,
589 3268 704 3316 forteora
748 3285 773 3317 n.
787 3268 810 3315 5.
827 3293 861 3303 -
874 3265 952 3313 Invito
968 3263 1056 3329 affirm
1072 3264 1220 3316 candidam
1236 3280 1275 3316 to·

193 3345 312 3400 omnium,
325 3345 376 3403 scil.
387 3356 533 3394 senatorum.
544 3347 619 3395 Drak.
745 3364 819 3411 gam,
841 3345 1026 3392 candidatorum
1044 3342 1111 3408 (vid.
1126 3344 1197 3393 Plin.
1206 3348 1276 3407 Vll,
1289 3337 1294 3345 ’

230 3433 254 3478 4.
266 3427 333 3471 Duos
337 3424 457 3487 patricios
469 3425 549 3472 creari
559 3442 608 3473 non
623 3427 705 3472 licerer
751 3426 808 3488 34),
820 3425 847 3472 h.
863 3440 885 3470 e.
899 3423 1003 3471 invitum
1015 3438 1118 3486 eogere,
1135 3435 1165 3472 ut
1177 3440 1276 3477 oonsu-

195 3504 322 3559 consuies3
337 3503 394 3550 vide
410 3502 442 3549 ad
459 3505 508 3561 VI,
527 3504 573 3562 35,
590 3521 615 3554 u.
627 3512 651 3559 i.
668 3532 704 3540 —
747 3505 824 3552 latum
832 3514 906 3567 petat.
914 3503 996 3550 Malim
1001 3512 1155 3565 μνααῖαι»
1165 3515 1274 3571 togam,

192 3582 270 3630 Notat
281 3582 395 3644 Sigonius
407 3599 451 3645 per
460 3582 513 3630 haec
524 3594 633 3647 tempora
644 3601 704 3631 nun·
746 3585 764 3633 i.
772 3602 793 3632 e.
804 3581 963 3631 consulatum.
974 3581 1023 3630 sid
1032 3580 1118 3629 Livius
1129 3585 1276 3635 candidam

193 3676 265 3723 quam
280 3661 343 3707 duos
356 3662 472 3724 patricios
488 3663 600 3710 consules
616 3663 702 3717 fuissez
746 3665 809 3711 forte
822 3670 904 3727 togam
915 3660 1020 3708 sordide
1028 3674 1161 3725 opponere
1173 3666 1277 3716 maluit.

121 3752 125 3759 ·
194 3739 257 3786 duos
268 3756 328 3786 vero
342 3739 452 3803 plebeios
465 3741 492 3789 in
509 3742 614 3806 collegio
628 3743 704 3790 Grac·
747 3741 884 3799 -Eodem,
895 3742 921 3787 in
929 3739 1052 3797 eumdem
1061 3739 1112 3787 nisi
1119 3740 1171 3805 leg.
1179 3745 1277 3795 cidon.

195 3817 235 3862 chi
253 3830 277 3865 et
290 3818 401 3865 Marcelli
416 3833 569 3884 comparatos
583 3837 644 3869 esse.
657 3824 704 3869 En.
783 3821 807 3868 6.
825 3821 936 3868 Patriam
946 3819 1046 3882 pulsam
1062 3818 1123 3865 sede
1135 3837 1188 3870 saa
1203 3826 1278 3875 mn-

193 3923 228 3932 -
237 3897 377 3944 Becusasset
386 3898 493 3946 delatum
501 3901 667 3956 consulatum
680 3916 704 3946 ν.
749 3899 821 3947 tuisse
835 3902 870 3947 M.
883 3897 981 3945 Furium
995 3890 1138 3948 Camillum.
1153 3900 1198 3951 cf.
1207 3904 1280 3965 VII,

197 3972 228 4021 ad
240 3975 342 4032 XXVI,
354 3993 396 4023 aa.
752 3993 763 4024 1
775 3988 836 4026 extr.
848 3979 913 4025 Suet.
924 3976 988 4040 Aug.
998 3977 1045 4033 ss,
1054 3986 1079 4024 et
1088 3976 1147 4027 cie.
1160 3981 1217 4031 Pis.
1231 4000 1280 4034 aa.

235 4053 257 4100 a.
273 4053 399 4102 Sordidntr'
412 4056 464 4111 rei:
484 4056 540 4104 vide
556 4058 588 4105 td
603 4060 640 4114 ΙΙ,
655 4057 704 4113 54,
785 4058 844 4106 Gar.
856 4056 966 4105 XXXV.
977 4070 999 4103 1.
1010 4058 1068 4104 Posi
1080 4056 1152 4108 uon
1168 4064 1280 4115 Min
