2768 4574
220 244 225 267 ¹
1063 303 1122 346 Μ).
1135 308 1181 352 rol.

153 336 224 431 494
575 335 614 401 Τ.
647 332 786 401 LIVH
1062 366 1120 408 uc.
1135 370 1181 414 su.

155 453 281 525 decem
304 450 413 522 millia
432 449 611 549 peditum,
633 449 707 520 duo
725 448 836 520 millia
854 464 890 520 et
909 447 1086 520 ducentos
1104 449 1205 544 equi·

155 581 226 651 tes;
249 561 334 634 alibi
351 560 503 659 sedecim
524 560 634 631 millia
648 560 828 658 peditum,
848 559 946 632 mille
963 574 998 632 et
1020 574 1207 660 sexcentos

155 668 425 769 equites23alibi
436 683 537 767 parte
549 669 629 767 plus
641 670 787 741 dimidia
797 693 874 740 rem
884 671 1207 766 auctam,quinque

158 798 194 853 et
208 782 352 877 triginta
365 778 473 850 millia
487 779 648 876 peditum
662 781 899 876 equitumque
915 780 953 850 in
967 802 1076 850 naves
1089 782 1208 877 impo-

157 893 224 962 sita
248 891 402 961 invenio.
429 889 582 980 Quidam
603 915 678 959 non
700 890 860 985 adjecere
880 914 1094 977 numerum,
1114 891 1209 960 inter

157 1023 249 1095 quos
270 1024 328 1069 me
352 999 427 1095 ipse
450 1000 487 1068 in
509 1023 548 1069 re
576 996 685 1068 dubia
710 999 798 1096 poni
822 999 954 1069 malim.
983 999 1137 1087 Coelius,
1168 1012 1209 1069 ut

148 1101 311 1180 'abstinet
331 1132 500 1192 numero,
516 1109 564 1178 ita
582 1107 626 1178 ad
644 1109 860 1179 immensum
877 1109 1119 1180 multitudinis
1135 1133 1211 1207 spe·

156 1209 245 1291 ciem
262 1232 378 1315 anget.
397 1218 570 1290 Volucres
583 1217 627 1287 ad
645 1232 777 1289 terram
794 1215 955 1315 delapsas
972 1216 1128 1289 clamore
1143 1217 1211 1286 mi-

156 1332 261 1400 litum
279 1330 348 1416 ait,
363 1342 572 1424 tantamque
592 1326 860 1398 multitudinem
883 1328 1133 1398 conscendisse
1151 1352 1212 1397 na·
1241 1398 1243 1403 .

157 1465 236 1526 ves,
255 1452 296 1508 nt
316 1463 424 1508 nemo
442 1437 661 1525 mortalium,
674 1451 736 1508 aut
756 1438 795 1506 in
810 1436 928 1525 Italia,
946 1436 1059 1506 autin
1075 1436 1211 1524 Sicilia,

86 1589 106 1608 ι
157 1548 315 1643 relinqui
333 1547 521 1617 videretur.
544 1545 676 1617 Milites
690 1561 730 1618 ut
750 1547 787 1616 in
806 1569 914 1617 naves
931 1544 1058 1618 ordine
1075 1569 1119 1616 ac
1136 1548 1212 1618 sine

160 1656 317 1726 tumultu
328 1655 629 1741 conscenderent,
642 1658 718 1753 ipse
729 1680 805 1726 eam
815 1653 883 1725 sibi
895 1651 1038 1725 curam³
1051 1657 1213 1753 sumpsit

159 1769 330 1838 Nauticus
346 1769 384 1836 C.
398 1765 541 1854 Laelius,
558 1767 622 1862 qui
639 1767 759 1836 classis
775 1764 960 1863 praelectus
979 1780 1073 1854 erat,
1092 1767 1130 1837 in
1149 1791 1213 1836 na·
1285 1794 1288 1799 ·

160 1875 282 1962 vibus,
313 1891 396 1947 ante
427 1875 669 1947 conscendere
697 1891 856 1962 coactos,
885 1875 1077 1946 continuit.
1105 1879 1215 1946 Com-

160 2003 298 2057 meatus
318 1986 529 2083 imponendi
548 1988 817 2083 M..Pomponio
839 1987 981 2083 praetori
1001 2010 1088 2056 cura
1108 1986 1213 2056 data:
1271 1990 1272 1994 ’

161 2099 321 2193 quinque
332 2112 367 2167 et
381 2096 616 2193 quadraginta
627 2095 767 2166 dierum
777 2094 953 2182 cibaria,e
967 2082 1102 2192 quibus
1113 2096 1216 2192 quin·

162 2207 278 2277 decim
295 2208 435 2277 dierum
455 2219 570 2293 cocta,
593 2206 768 2302 imposita.
791 2210 840 2276 Ut
862 2228 988 2276 omnes
1003 2204 1077 2299 jam
1098 2205 1137 2273 in
1155 2228 1216 2273 na·

161 2313 265 2384 vibus
282 2329 398 2402 erant,
415 2315 562 2411 scaphas
580 2315 848 2402 circummisitl,
860 2329 901 2384 ut
918 2338 960 2385 ex
982 2312 1133 2384 navibus
1153 2339 1217 2411 gu·

162 2421 445 2516 bernatoresque
468 2436 503 2491 et
521 2425 680 2518 magistri
709 2424 854 2492 navium
879 2437 915 2493 et
934 2421 1012 2493 bini
1029 2423 1159 2494 milites
1178 2424 1217 2492 in

163 2530 282 2600 forum
306 2531 540 2599 convenirent
560 2529 604 2599 ad
622 2531 772 2627 imperia
793 2533 1007 2628 accipienda.
1023 2536 1218 2628 Postquam

165 2654 431 2725 convenerunt,
450 2639 605 2735 primum
623 2637 669 2709 ab
688 2641 730 2710 iis
748 2641 931 2736 quaesivit,
949 2642 979 2712 si
999 2665 1131 2737 aquam
1150 2641 1218 2711 ho-

164 2749 320 2820 minibus
333 2748 577 2844 jumentisque
595 2750 634 2819 in
650 2750 800 2821 totidem
817 2750 911 2838 dies,
928 2746 1042 2846 quot⁵
1056 2748 1219 2823 bumen-

161 2874 257 2947 tum,
267 2859 532 2956 imposuissent.
548 2857 620 2928 Ubi
633 2859 920 2956 responderunt,
937 2882 1066 2956 aquam
1078 2857 1219 2928 dierum

164 2972 326 3067 quinque
351 2985 387 3041 et
407 2970 642 3066 quadraginta
663 2971 700 3039 in
723 2969 874 3041 navibus
895 2994 988 3058 esse,
1008 2984 1085 3039 tum
1109 2967 1220 3038 edixit

164 3078 353 3167 militibus,
370 3093 411 3148 ut
439 3079 619 3150 silentium
646 3080 760 3175 quieti
782 3081 900 3150 nautis
925 3080 1000 3150 sine
1025 3077 1219 3148 certamine

163 3189 208 3259 ad
218 3191 412 3260 ministeria
425 3181 654 3284 exsequenda
667 3187 762 3259 bene
774 3187 984 3260 obedientes
998 3200 1218 3285 praestarent.

165 3303 255 3369 Cum
275 3300 400 3396 viginti
421 3295 605 3370 rostratis⁶
620 3323 658 3369 se
679 3323 720 3370 ac
736 3304 775 3369 L.
798 3300 1003 3396 Scipionem
1024 3296 1071 3369 ab
1091 3297 1221 3368 dextro

165 3512 262 3564 crepat,⁸
276 3499 332 3546 ride
343 3511 424 3548 tumen
434 3500 465 3547 ad
473 3500 516 3549 lib.
528 3503 554 3559 1,
567 3503 595 3558 3,
608 3517 633 3549 η.
645 3508 669 3557 4.
714 3518 786 3566 suppa
795 3501 827 3549 ad
836 3495 925 3549 librum
934 3502 1024 3559 1111,
1037 3516 1092 3564 cap.
1102 3515 1149 3558 aa,
1160 3516 1186 3549 n.
1197 3513 1221 3562 9.

201 3596 224 3627 r.
234 3581 297 3627 XVI
306 3578 383 3626 millia
388 3579 499 3642 peditum
504 3615 513 3638 ,
524 3580 597 3627 MDC
604 3579 671 3643 equi·
750 3588 774 3635 t.
783 3579 892 3644 Scaptius
906 3578 1063 3626 circummisit
1075 3577 1172 3644 Scipio,
1182 3589 1221 3635 ut,

166 3669 199 3704 tes
212 3658 283 3705 multi
300 3657 376 3714 MSS,
392 3668 415 3704 et
428 3654 610 3722 Appiun.'Pun.
626 3659 671 3716 133
714 3670 761 3708 etc.
771 3659 828 3707 vide
841 3658 873 3706 ad
882 3659 957 3717 v111,
973 3672 1019 3720 19,
1030 3674 1055 3705 n.
1067 3673 1107 3705 ro.
1120 3684 1157 3693 -
1166 3658 1223 3707 Μι-

168 3738 217 3781 XV
228 3735 305 3782 millia
312 3753 341 3799 p.
356 3737 408 3782 MD
420 3752 441 3782 e.
454 3736 510 3786 edd.
524 3748 580 3784 ante
593 3738 670 3785 Gron.
712 3737 785 3803 gistri
795 3737 904 3794 nuvium,
915 3736 1047 3795 mecrobi,
1061 3746 1103 3784 aut
1112 3734 1224 3800 prefecti

203 3816 225 3862 3.
242 3817 297 3877 Ipse
315 3829 370 3860 eum
386 3814 433 3861 sihi
450 3831 535 3863 curam
553 3815 669 3879 sumpsit,
714 3816 837 3864 sociorum
850 3815 986 3874 navalium
999 3815 1070 3862 Crev.

58 3949 67 3965 Ι
168 3891 220 3938 scil.
232 3892 316 3955 Scipio
329 3890 405 3954 (conf.
415 3893 567 3943 adJuvenal.
581 3897 608 3952 1,
624 3896 671 3952 62,
750 3895 774 3943 5.
787 3894 929 3943 tantidem
938 3881 1002 3950 lies,
1015 3903 1087 3956 quot,
1100 3903 1148 3940 etc.
1160 3892 1225 3940 lot-tc

157 3974 197 4020 „et'
205 3971 238 4027 V,
255 3969 320 4034 30):
338 3971 386 4018 nisi
399 3988 445 4035 pro
462 3972 508 4019 sibi
522 3973 569 4035 leg.
582 3971 670 4036 Scipio.
714 3973 762 4036 leg.
777 3972 883 4037 inquot.
904 4008 906 4012 -
1118 3980 1121 3991 '

167 4075 201 4084 -
216 4047 341 4095 Conticuit
352 4049 379 4096 in
391 4047 491 4108 officio,
505 4051 628 4110 coercuit;
639 4051 670 4098 cf.
750 4052 775 4098 6.
791 4050 850 4099 Cum
860 4052 913 4099 XX
920 4048 1031 4099 rosanus
1039 4048 1143 4098 mribu-
1154 4064 1221 4096 κ...
1269 4098 1273 4103 ,
