2768 4574
182 315 252 402 426
604 319 642 383 r.
676 319 819 386 mvn
1089 297 1213 411 ῢῑὲῑὲἷζῑ

182 467 198 500 «
212 450 292 506 ctus
309 435 512 530 Emporias,
534 436 572 503 in
588 435 716 507 urbem
735 440 936 525 sociorum,
951 437 1107 508 classem
1127 462 1239 536 appu·

182 575 199 610 a
215 545 308 615 listi':
324 545 507 642 expositos
524 545 673 633 milites,
693 572 759 643 per
776 548 951 617 tutissima
967 549 1106 635 omnia,
1125 547 1170 618 ad
1184 573 1239 617 so·

182 685 200 720 a
214 657 287 726 cios
309 670 345 727 ct
365 656 499 727 amicos
517 655 646 753 populi
666 658 806 727 romani
822 662 1059 728 Tarraconem
1080 658 1238 729 duxisti:

182 795 199 830 α
213 765 259 836 ab
285 768 490 836 Tarracone?
511 765 642 837 deinde
669 768 737 837 iter
765 791 830 862 per
855 763 1036 863 praesidia3
1064 791 1236 838 romana:

181 905 198 940 a
212 877 302 946 circa
327 875 472 947 lberum
497 878 673 947 exercitus
698 879 808 974 patris
835 879 1027 973 patruique
1054 880 1128 966 tui,
1157 892 1239 975 post

181 988 356 1081 «amissos
380 989 614 1083 imperatores
637 985 830 1057 ferociores
856 1002 892 1057 et
915 987 1145 1059 calamitate
1132 1012 1236 1083 ipsa:

183 1129 200 1162 a
214 1097 286 1168 dux
302 1098 556 1168 tumultuarius
570 1096 716 1193 quidem
730 1096 788 1166 ille
804 1101 843 1166 L.
855 1100 1025 1184 Marcius,
1046 1112 1082 1168 et
1094 1097 1238 1168 militari

182 1238 198 1272 ι(
212 1192 382 1327 suffragio
408 1206 453 1276 ad
475 1221 618 1303 tempus
643 1205 775 1293 lectus,
801 1221 989 1290 caeterum,
1015 1209 1045 1277 si
1069 1205 1238 1277 nobilitas

183 1349 199 1384 a
214 1344 255 1389 ac
260 1319 361 1413 justi
383 1316 542 1387 honores
567 1315 803 1401 adornarent,
830 1315 933 1386 claris
959 1315 1237 1413 imperatoribus

183 1458 199 1492 «
214 1425 373 1523 qualibet
399 1439 474 1495 arte
502 1423 590 1494 belli
614 1448 706 1520 par:
729 1440 936 1523 oppugnata
964 1450 1036 1523 per.
1056 1450 1237 1496 summurn

182 1566 198 1600 «
211 1537 326 1607 otium
337 1534 532 1630 Carthag0,
547 1533 772 1604 nullo‘trium
784 1537 1000 1631 punicorum
1017 1537 1237 1607 exercituum

181 1648 325 1717 «socios
351 1644 579 1716 defendente.
602 1646 756 1730 Caetera,
785 1668 904 1739 neque
928 1669 969 1714 ea
991 1636 1111 1732 elev0,
1135 1644 1238 1715 nullo

181 1772 331 1827 «tamen
348 1755 458 1826 modo
472 1753 582 1824 africo
597 1752 693 1824 bello
710 1753 950 1849 comparanda
967 1782 974 1824 :
991 1753 1055 1825 ubi
1068 1782 1144 1826 non
1158 1780 1238 1852 por·

183 1898 200 1932 «
216 1884 273 1938 tus
297 1868 392 1937 ullus
413 1867 514 1936 classi
536 1879 666 1934 nostrae
690 1878 854 1960 apertus,
874 1889 948 1934 non
966 1891 1050 1962 ager
1074 1881 1236 1964 pacatus,

183 2008 199 2041 a
214 2003 290 2047 non
307 1978 427 2048 civitas
443 1977 555 2062 socia,
574 2000 649 2044 non
668 1999 731 2045 rex
749 1975 904 2062 amicus,
923 1999 1000 2044 non
1017 1974 1236 2046 consistendi

183 2117 199 2150 «
215 2109 367 2183 usquam
382 2085 497 2168 locus,
511 2110 587 2154 non
601 2083 823 2180 procedendi
835 2111 842 2152 :
854 2082 1082 2181 quacumque
1092 2088 1237 2156 circum·

184 2197 389 2291 «spexeris,
413 2194 554 2265 hostilia
577 2195 697 2263 omnia
718 2207 825 2289 atque
850 2193 987 2264 inlesta.
1008 2201 1063 2265 An
1082 2195 1236 2292 Syphaci

182 2333 199 2366 «
213 2302 449 2398 Numidisque
471 2303 609 2373 credis?
632 2303 715 2373 satis
737 2305 782 2373 sit
809 2304 919 2374 semel
945 2306 1141 2377 creditum:
1160 2330 1235 2382 non

183 2444 199 2477 «
213 2437 355 2510 semper
365 2413 546 2483 temeritas
558 2427 611 2482 est
625 2410 710 2483 felix
720 2415 747 2500 4;
764 2428 799 2482 et
813 2411 909 2483 fraus
923 2412 1032 2485 fidem
1042 2410 1057 2456 ⁵
1066 2417 1104 2484 in
1119 2415 1236 2511 parvis

181 2522 280 2593 «sibi
301 2523 500 2620 praestruit,
526 2535 587 2608 ut,
615 2546 728 2618 quum
747 2546 864 2618 operae
888 2526 1044 2620 pretium
1066 2526 1133 2611 sit,
1152 2548 1235 2595 cum

182 2663 198 2697 a
211 2632 377 2703 mercede
394 2656 522 2755 magna
539 2576 647 2701 fallat.
664 2635 747 2703 Non
764 2631 885 2703 hostes
899 2649 1037 2730 patrem
1052 2651 1236 2760 patruum-

181 2773 198 2806 «
211 2767 283 2839 que
302 2757 407 2812 tuum
428 2744 534 2813 armis
553 2742 669 2839 prius,
691 2767 800 2838 quam
813 2743 980 2815 Celtiberi
1003 2747 1089 2816 socii
1109 2744 1237 2815 fraude

181 2882 198 2917 a
211 2855 549 2924 circumvenerunt:
564 2877 631 2923 nec
651 2851 802 2950 tibiipsi
823 2859 1007 2951 aMagone
1027 2868 1063 2924 et
1076 2854 1235 2925 Hasdru-

180 2962 311 3050 «bale,
329 2963 487 3032 hostium
502 2961 672 3049 ducibus,
688 2977 865 3058 quantum
882 2962 926 3033 ab
936 2961 1082 3033 Indibili
1092 2978 1127 3034 et
1138 2969 1235 3034 Man-

179 3103 196 3137 «
210 3072 321 3142 donio
342 3074 379 3142 in
405 3071 514 3142 tidem
537 3073 710 3168 acceptis,
734 3071 884 3168 periculi
904 3071 984 3142 fuit.
1008 3072 1171 3145 Numidis
1194 3084 1234 3140 tu

179 3208 195 3247 a
210 3182 356 3254 credere
374 3195 491 3278 potes,
509 3179 747 3251 delectionem
766 3182 920 3251 militurn
938 3195 1084 3251 tuorum
1105 3203 1233 3276 exper-

179 3322 196 3358 «
210 3293 290 3362 tus?
305 3305 340 3361 et
358 3289 501 3388 Syphax
517 3305 553 3360 et
571 3291 754 3361 Masinissa
769 3315 806 3362 se
813 3315 949 3387 ,quarn
966 3290 1233 3387 Carthaginien-

178 3433 195 3466 «
209 3427 283 3490 ses,
296 3401 437 3470 malunt
447 3415 611 3497 potentes
622 3402 660 3470 in
670 3375 785 3472 Alrica
799 3426 895 3488 esse,
911 3400 1232 3498 Carthaginienses,

214 3584 237 3631 3.
257 3585 306 3640 Per
310 3579 429 3644 proestdta
444 3596 565 3638 romarra;
582 3582 638 3628 vide
651 3581 681 3628 ad
761 3583 855 3636 4.Non
869 3599 961 3646 semper
973 3595 1093 3630 temeritas
1108 3594 1143 3629 est
1147 3581 1230 3645 felia
1269 3643 1276 3648 Ι

178 3665 231 3719 lx,
246 3663 293 3717 31,
311 3677 336 3706 n.
354 3675 374 3705 1.
395 3686 430 3694 —
441 3661 500 3706 Dux
513 3661 682 3708 tumultuarius
727 3671 753 3706 ut
765 3660 806 3707 illa
816 3677 869 3723 cap.
883 3677 923 3721 17,
934 3663 973 3708 18.

155 3798 157 3803 ⁴
178 3742 206 3788 L.
217 3739 337 3795 Marcius,
351 3749 397 3786 etc.
407 3738 463 3785 vide
478 3738 509 3786 ad
523 3743 549 3798 1,
564 3742 606 3798 37,
619 3747 681 3798 ut,
762 3737 785 3785 5.
808 3740 885 3784 trans
896 3737 977 3805 fidem
997 3739 1021 3786 in
1041 3738 1137 3802 parvr‘s,
1163 3741 1232 3803 parvi

180 3829 204 3865 et
217 3819 248 3864 cf.
261 3820 344 3874 XXV,
359 3819 388 3877 37
403 3833 440 3880 sq.
448 3818 549 3876 XXVI,
563 3835 591 3878 a,
605 3835 636 3880 19
650 3818 681 3866 al.
726 3819 842 3864 momenti
856 3818 940 3877 rebus,
958 3818 1005 3866 sibi
1016 3818 1155 3882 praestruit,
1170 3835 1231 3882 prae-

179 3895 288 3941 -Justr'
304 3895 424 3953 honores,
450 3897 567 3959 gradatim
589 3899 624 3956 ei,
642 3897 679 3943 vel
724 3907 809 3960 parat,
826 3906 883 3943 ante
893 3909 969 3960 parat.
984 3901 1073 3954 Fraus,
1087 3895 1231 3945 fraudulenti

177 3974 270 4021 solenni
282 3990 349 4021 more
360 3975 446 4034 delati3
455 3977 528 4024 Doer.
539 3978 629 4026 Nonne
639 3991 682 4040 po·
725 3975 851 4032 homines,
866 3977 947 4039 quales
961 3989 1018 4026 sunt
1031 3976 1131 4042 Syphax
1146 3987 1170 4023 et
1181 3974 1231 4022 Nu·

176 4054 224 4103 tius
238 4052 314 4101 debiti
329 4069 356 4101 ac
373 4056 473 4102 meriti?
727 4054 809 4112 midae3
823 4055 897 4103 Dralr.
