2768 4574
1102 307 1126 343 Α.
1139 305 1164 344 G.
1180 319 1227 346 au.

190 327 255 397 126
611 328 650 392 Τ.
684 327 822 393 LlVlI
1100 363 1162 404 uc.
1179 367 1228 413 aa..

184 465 404 544 noctemque
425 448 553 516 itinere
576 446 809 532 continuato,
830 446 1014 541 ingentem
1036 446 1155 514 attulit
1178 463 1255 517 ter-

183 585 314 631 rorem.
332 557 621 644 Tumultnosius,
637 580 746 652 quam
766 555 911 626 allatum
930 569 1024 641 erat,
1042 578 1168 625 cursus
1185 557 1255 626 ho-

182 673 345 759 minum,
378 667 638 765 adfingentium
668 693 759 736 vana
787 667 943 752 auditis,
971 681 1083 736 totam
1110 665 1255 737 Urbem

183 783 396 853 conciverat.
419 780 582 850 Ploratus
598 779 793 847 mulierum
816 804 890 847 non
908 803 952 847 ex
973 778 1117 874 privatis
1132 779 1254 848 solum

181 890 352 963 domibus
368 889 647 975 exaudiebatur3
664 889 727 960 sed
745 891 908 986 undique
924 905 1114 977 matronae,
1128 891 1165 960 in
1184 916 1253 987 pu-

181 1002 318 1073 blicum
339 1001 497 1090 etfirsaet,
517 1003 609 1072 circa
630 999 739 1070 deum
763 999 912 1071 delubra
934 1001 1159 1085 discurrunt,
1181 1003 1252 1071 cri-

181 1111 290 1186 nibus
315 1114 426 1210 passis
451 1137 528 1183 aras
554 1127 762 1199 verrentes,
790 1114 882 1182 nixae
904 1110 1081 1209 genibus,
1104 1114 1252 1210 supinas

180 1248 309 1294 manus
328 1223 374 1294 ad
401 1225 527 1294 caelum
546 1247 586 1292 ac
605 1222 693 1293 deos
713 1222 924 1311 tendentes,
948 1238 1187 1320 orantesque,
1208 1238 1252 1294 ut

178 1334 310 1406 urbem
332 1359 521 1405 romanam
540 1360 559 1404 e
578 1333 746 1404 manibus
765 1333 925 1403 hostium
949 1335 1153 1431 eriperent,
1173 1359 1251 1404 ma·

179 1456 328 1542 tresque
353 1470 521 1515 romanas
545 1459 581 1515 et
603 1442 737 1514 liberos
758 1468 888 1540 parvos
913 1445 1103 1514 inviolatos
1128 1452 1252 1515 se'rva·
1318 1472 1321 1479 ·

179 1570 270 1635 rent.
287 1561 438 1627 Senatus
451 1553 718 1652 magistratibus
732 1555 769 1622 in
786 1552 865 1624 foro
880 1568 1011 1650 praesto
1024 1568 1097 1641 est,
1116 1554 1144 1623 si
1160 1554 1252 1648 quid

179 1668 369 1738 consulere
385 1669 507 1738 velint.
521 1667 588 1736 Alii
604 1664 785 1760 accipiunt
802 1665 968 1760 imperia,
983 1663 1251 1760 disceduntque

179 1775 225 1846 ad
242 1800 323 1846 suas
338 1778 493 1871 quisque
509 1773 713 1845 officiorum
731 1788 872 1870 partes:
888 1772 946 1844 alii
962 1772 1122 1844 offerunt
1141 1798 1200 1861 se,
1220 1775 1253 1844 si

178 1910 253 1982 quo
264 1910 349 1956 usus
359 1910 477 1981 operae
488 1886 532 1954 sit
545 1880 570 1953 ⁵.
586 1884 750 1954 Praesitlia
761 1886 797 1953 in
817 1910 919 1967 arce,
936 1886 975 1953 in
994 1884 1193 1982 capitolin,
1209 1886 1253 1955 in

178 1998 304 2082 muris,
317 1997 411 2064 circa
420 1993 573 2084 Urbem,
588 1997 625 2064 in
638 2009 762 2065 monte
778 1996 883 2066 etiam
892 1994 1034 2066 Albano
1044 2010 1153 2091 atque
1166 2020 1252 2068 arce

178 2103 366 2176 AEsutana⁶
380 2119 581 2203 ponuntur.
593 2112 693 2176 Inter
706 2106 805 2177 hunc
817 2106 1014 2176 tumultum
1024 2110 1069 2197 Q.
1081 2105 1252 2176 Fulvium

178 2214 434 2312 proconsulem
457 2213 657 2313 profectum
679 2241 762 2287 cum
781 2217 940 2288 exercitu
958 2241 978 2285 a
994 2220 1117 2313 Capua
1138 2213 1252 2286 afler-

176 2340 237 2396 tur
253 2354 260 2394 :
278 2327 335 2396 cui
346 2352 392 2396 ne
406 2327 632 2397 minueretur
645 2329 871 2425 imperium7,
884 2329 914 2398 si
928 2329 966 2397 in
981 2327 1118 2398 Urbem
1129 2329 1252 2399 venis·

177 2563 226 2620 ire,
247 2562 299 2609 scil.
315 2578 341 2609 se
356 2578 362 2610 :
376 2563 423 2610 nisi
435 2563 482 2626 leg.
493 2563 532 2610 iri.
545 2589 578 2599 —-
592 2564 686 2610 Tumul·
766 2565 790 2614 5.
804 2564 831 2610 Si
845 2580 893 2627 quo
908 2536 983 2610 niodo
997 2579 1053 2609 usus
1063 2576 1142 2624 opem·
1157 2560 1202 2617 sit,
1219 2574 1251 2612 ut

175 2642 279 2695 tuosius,
291 2658 366 2704 quam
372 2642 475 2689 allatum
485 2652 549 2701 crat,
561 2654 609 2690 etc.
619 2677 626 2701 ‚
638 2642 686 2689 hoc
730 2646 843 2702 XXVII,
863 2645 910 2701 28,
929 2659 954 2690 n.
976 2644 1005 2700 3;
1027 2641 1172 2698 XXXVII,
1195 2641 1231 2688 52
1243 2660 1252 2702 ;

175 2733 227 2778 est,
238 2721 350 2768 hommes
361 2721 410 2768 huc
419 2722 477 2770 illuc
489 2721 651 2769 discurrentes
662 2734 686 2769 et
730 2725 788 2781 XL,
803 2723 836 2768 26
848 2733 910 2769 extr.
920 2722 963 2768 ubi
973 2738 1022 2783 quo
1028 2719 1103 2768 Drali.
1115 2736 1250 2783 exponen-

174 2800 264 2847 auditis
293 2816 355 2847 vana
381 2799 524 2864 affingentes
552 2802 686 2861 majorem,

174 2896 246 2942 quam
260 2895 306 2943 pro
324 2896 368 2937 eo,
388 2880 456 2942 quod
468 2880 606 2927 nuntiatum
620 2891 686 2937 erat,

173 2958 210 3004 fas
223 2959 283 3016 fuit,
296 2959 321 3006 in
339 2969 390 3006 tota
400 2959 466 3007 Urbe
478 2959 608 3006 tumultum
626 2975 685 3005 con-

174 3035 322 3095 citaverant3
335 3040 408 3084 Doer.

210 3123 234 3171 4.
255 3119 377 3164 Matrouae
399 3117 424 3162 ia
442 3116 568 3179 publicum
585 3115 685 3181 efficta,-

175 3195 232 3242 vide
246 3196 313 3253 adl,
334 3204 377 3253 14,
396 3198 684 3255 n.7‚et11‚2t,n.6.

174 3300 209 3310 -
223 3274 332 3322 Crinibus
341 3275 422 3338 passis
433 3275 506 3338 (vide
520 3276 551 3323 ad
562 3278 586 3333 1,
601 3278 645 3334 13,
659 3293 684 3323 n.

176 3351 201 3417 ι)
212 3370 271 3400 aras
280 3366 416 3413 verrentes,
425 3366 451 3403 ut
460 3355 526 3419 apud
538 3358 597 3403 Stat.
605 3355 683 3403 Theb.

173 3434 228 3489 tx,
240 3434 305 3491 638,
315 3434 353 3481 vel
362 3435 464 3498 templa,
474 3446 502 3483 ut
512 3446 584 3499 supra
598 3437 649 3492 III,
659 3450 684 3494 7,

171 3527 198 3560 n.
213 3512 243 3570 5,
254 3513 321 3575 quod
334 3514 361 3559 in
375 3514 595 3578 supplicationibus
605 3514 683 3578 publi·

173 3606 252 3653 coque
267 3592 335 3640 luctu
351 3591 404 3639 fieri
421 3593 523 3640 solebat.
541 3593 631 3640 Confer
651 3593 683 3640 ad

173 3670 265 3729 suvt,
278 3672 327 3719 560
337 3689 387 3735 seq.
396 3684 420 3720 et
427 3672 501 3720 Drak.
510 3689 580 3737 supra
589 3673 620 3719 ad
630 3676 681 3731 ΙΙΙ,

173 3764 198 3808 7,
208 3765 233 3795 n.
244 3747 274 3805 8,
290 3765 362 3798 areas
376 3750 546 3816 (pavimenta)
559 3763 682 3799 verrentes

99 3858 107 3868 .
172 3828 237 3887 conj.
254 3827 389 3892 Schweigh.
404 3831 435 3876 ad
448 3832 536 3895 Polyb.
547 3833 598 3888 lx,
610 3848 634 3878 n.
649 3833 679 3877 si:

171 3905 303 3957 πλύνουσαι
323 3911 376 3968 ταῖς
394 3910 480 3978 κόμαις
497 3908 531 3961 τὰ
548 3916 596 3961 τῶν
613 3910 679 3978 ἱερῶν

172 3979 266 4054 ἐδάφη,
282 4001 329 4038 etc.
339 4024 347 4052 ,
361 4008 438 4054 quem
448 3994 533 4041 locum
542 3994 630 4045 Livius,
639 4009 682 4040 ox·

169 4070 265 4130 pressit.

731 2803 788 2849 dum
800 2801 873 2848 docet
891 2817 940 2863 quo
954 2800 1043 2859 modo,
1062 2799 1100 2846 vel
1112 2814 1163 2862 quo
1173 2799 1251 2861 loco,

731 2882 769 2928 vel
785 2881 880 2942 aliquo,
902 2879 931 2925 ad
953 2878 1053 2941 aliquid.
1073 2881 1103 2926 In
1124 2876 1202 2926 finem
1223 2892 1252 2928 et

730 2976 800 3007 usum
814 2959 933 3023 aliquem
949 2960 1023 3006 Docr.
1039 2959 1093 3020 Qua
1105 2956 1135 3004 al.

765 3040 789 3086 6.
800 3040 865 3086 Arce
874 3039 996 3085 AEsulana
1006 3039 1068 3085 MSS
1079 3048 1103 3084 et
1112 3035 1170 3083 edd.
1180 3049 1250 3086 antt.

733 3119 870 3167 Tusculana
886 3117 995 3181 quaedam
1009 3116 1066 3164 edd.
1082 3116 1183 3172 AEsula,
1201 3133 1252 3167 seu

729 3198 841 3244 AEsulum
861 3209 886 3244 et
903 3197 1005 3252 AEsola,
1028 3195 1090 3244 Latii
1105 3210 1166 3258 opp.
1178 3195 1252 3245 inter

729 3277 806 3324 Tibur
820 3277 900 3323 forsan
910 3287 934 3322 et
941 3277 1062 3323 Praeneste
1073 3275 1160 3331 situm,
1173 3276 1251 3334 cujus

728 3355 821 3403 nullum
831 3355 904 3402 Plinii
911 3371 963 3403 aevo
972 3354 1092 3418 superfuit
1101 3353 1251 3416 vestigium.

728 3436 818 3486 Confer
830 3439 890 3483 Hor.
900 3435 948 3482 ud.
957 3438 1010 3492 ΙΙΙ,
1022 3449 1065 3496 29,
1075 3450 1100 3482 n.
1111 3432 1248 3490 avellet.

726 3517 751 3574 1,
769 3523 812 3572 14,
824 3526 849 3561 et
858 3514 920 3561 Plio.
932 3517 984 3572 ΙΙΙ,
999 3514 1031 3572 5,
1045 3529 1064 3559 s.
1079 3527 1103 3574 9.

764 3609 787 3653 7.
812 3592 856 3639 Cui
874 3608 905 3638 ne
928 3593 1076 3640 minueretur
1096 3589 1247 3653 imperium,

727 3672 794 3735 quod
811 3672 860 3717 fero
873 3682 941 3718 extra
951 3672 1042 3718 Urbem
1053 3669 1176 3717 habebant
1191 3687 1250 3721 ma-

726 3751 840 3814 gistratus
862 3750 1052 3812 mittebantque
1073 3749 1250 3812 eprovinciis

726 3846 780 3876 oum
801 3840 842 3875 aut
856 3830 907 3875 sine
922 3832 1030 3877 exercitu
1048 3828 1190 3886 redeuntes,
1216 3832 1250 3879 si-

726 3910 813 3956 mulae
827 3907 851 3953 in
864 3910 950 3955 Urbem
964 3909 1098 3962 venissent,
1114 3906 1152 3953 vel
1166 3907 1249 3958 abiis-

725 4000 779 4035 sent
800 3989 939 4050 magistratu
960 3987 1162 4051 provinciamque
1185 4004 1250 4047 sne.

726 4068 814 4115 cessori
822 4067 986 4116 tradidissent.
996 4065 1124 4115 Conferad
1133 4082 1191 4131 cap.
1200 4085 1217 4117 a
1224 4057 1250 4129 i,
