2768 4574
182 328 302 437 tta:
347 351 438 418 Lm.
460 349 600 415 xxlx.
625 349 727 416 can.
750 349 870 415 xxx.
893 349 1036 414 xxm.
1139 340 1208 414 505

155 473 299 542 namin
327 471 454 541 eodem
478 469 639 555 honore,
668 493 742 563 quo
769 467 864 564 apud
890 468 1014 538 Galam
1043 468 1209 539 OEsalces

156 580 338 678 quondam
364 567 507 662 fuisset3
523 592 558 649 et
577 579 640 673 qui
654 576 852 665 MezetuIO,
873 590 1003 673 praeter
1018 578 1208 674 impunita-

156 707 228 761 tem
236 724 253 781 ,·
269 714 333 761 sua
353 692 473 760 omnia
492 712 573 758 cum
591 686 662 758 fide
683 687 823 758 restitui
839 687 1079 784 sponderent3
1102 686 1209 758 ambo

156 814 395 898 praeoptantes
410 799 532 870 exsilio
550 796 726 867 modicam
743 797 840 866 domi
855 794 1036 866 fortunam
1053 796 1211 891 (omnia,

156 935 203 980 ne
215 908 251 979 id
265 909 367 979 fieret
376 905 748 1004 ,Carthaginiensibus
761 906 805 976 de
819 907 992 976 industria
1006 905 1211 1055 agentibus)

156 1019 203 1091 ad
221 1045 297 1090 sese
314 1018 492 1115 perduxit.

204 1133 330 1198 XXXI.
348 1127 547 1198 Hasdrubal
557 1140 634 1197 tum
645 1125 879 1223 forte,quum
893 1126 968 1196 haec
980 1124 1209 1223 gerebantur,

158 1238 254 1335 apud
271 1238 467 1335 Syphacem
491 1252 590 1308 erat:
614 1240 676 1334 qui
694 1236 874 1323 Numidae,
897 1236 994 1307 haud
1015 1261 1099 1307 sane
1117 1235 1212 1305 mul-

156 1363 233 1417 tum
249 1348 294 1418 ad
311 1373 348 1418 se
366 1351 546 1445 pertinere
571 1349 752 1435 credenti,
776 1362 898 1418 utrum
915 1372 1026 1445 penes
1041 1352 1212 1417 Lacuma-

157 1483 243 1545 cen,
261 1485 307 1530 an
322 1461 559 1546 Masinissam,
575 1483 727 1555 regnum
745 1458 979 1554 Massylorum
1000 1472 1091 1528 esset
1102 1513 1110 1543 ,
1123 1457 1216 1546 salli
1234 1462 1241 1474 '

157 1595 241 1640 enm
254 1595 488 1667 magnopere,
505 1571 611 1657 ait,si
618 1575 851 1638 Masinissam
861 1569 994 1638 eisdem
1008 1583 1213 1637 contentam

146 1681 250 1770 fore,
266 1682 396 1777 quibas
400 1697 546 1777 patrem
566 1679 711 1765 Galam,
725 1695 974 1775 aatpatranm
987 1680 1064 1772 ejas
1079 1675 1212 1748 OEsal-

157 1814 250 1877 cem,
270 1793 411 1861 credat:
428 1791 538 1860 multo
553 1792 727 1884 majorem
743 1788 900 1859 indolem
916 1794 954 1857 in
970 1813 1012 1858 eo
1029 1794 1145 1857 animi
1158 1794 1213 1856 in-

154 1908 324 1997 geniique
337 1901 426 1987 esse,
445 1926 557 1997 qaam
570 1906 607 1969 in
627 1900 699 1970 allo
715 1906 830 1995 gentis
844 1903 920 1994 ejm
940 1924 1101 1996 anquam
1114 1900 1213 1989 fais

157 2026 229 2079 set:
243 2036 341 2108 saepe
354 2036 436 2080 eam
451 2018 488 2079 in
500 2016 682 2107 Hispania
694 2034 789 2080 rarae
800 2016 892 2080 inter
903 2010 1065 2080 homines
1073 2014 1215 2078 virtutis

157 2127 335 2218 specimen
361 2122 500 2190 dedisse
520 2127 624 2190 sociis
642 2127 786 2217 pariter
813 2120 1069 2215 hostibusqae3
1095 2135 1131 2188 et
1149 2123 1227 2213 Sy·-

150 2231 328 2327 pltacem,
344 2249 379 2301 et
389 2233 708 2328 Carthaginienses,
723 2237 794 2301 nisi
804 2237 974 2301 orientem
987 2229 1088 2299 illam
1097 2235 1215 2325 ignem

98 2428 103 2434 ,
159 2348 447 2438 oppressissent1‚
464 2348 598 2438 ingenti
613 2367 702 2412 mox
720 2343 900 2426 incendio,
915 2364 1028 2438 qaum
1035 2342 1119 2436 jam
1137 2339 1216 2409 nnl-

159 2451 233 2522 lam
258 2477 362 2549 opem
376 2450 488 2543 fhrr'e·
492 2469 657 2549 possent,
680 2476 823 2523 arsuros
842 2478 852 2521 .·
872 2453 993 2522 adhuc
1020 2468 1158 2521 teneras
1183 2467 1219 2520 et

148 2562 303 2654 fragiles
325 2565 401 2655 ejas
423 2570 518 2634 vires
547 2589 637 2650 esse,
658 2565 815 2633 vixdum
843 2562 1042 2633 coalescens
1055 2563 1217 2649 foventis

160 2695 309 2766 regnam
319 2683 344 2740 ².
364 2674 537 2745 Instando
551 2674 842 2769 stimulandoque
855 2673 1051 2768 pervincit,
1068 2684 1109 2740 ut
1123 2694 1219 2740 exer-

161 2780 272 2849 citum
290 2778 334 2849 ad
349 2778 439 2851 fines
453 2784 689 2878 Massylorum
704 2782 911 2867 admoveat,
933 2795 1041 2876 atque
1058 2781 1095 2849 in
1111 2804 1196 2877 agro
1209 2834 1217 2864 ,

162 2888 207 2960 de
221 2913 296 2985 quo
309 2914 399 2986 saepe
414 2906 500 2959 cum*
512 2892 599 2961 Gala
616 2917 690 2960 non
706 2889 824 2961 verbis
838 2888 948 2960 modo
966 2890 1218 2987 disceptatum,

162 2998 225 3071 sed
241 3000 346 3070 etiam
356 3001 464 3070 armis
478 3014 651 3070 certatum
664 2999 794 3085 fuerat,
809 3014 982 3096 tanquam
997 2999 1094 3069 haud
1109 2996 1219 3070 dubie

159 3108 248 3203 juris
263 3110 337 3198 sui,
350 3125 465 3181 castra
479 3110 583 3181 locat.
599 3114 639 3180 Si
650 3116 730 3207 qais
743 3126 881 3198 arceat,
896 3110 937 3179 id
946 3111 1048 3207 qnod
1058 3116 1219 3180 maxime

161 3245 252 3318 opas
267 3226 326 3309 sit,
346 3228 424 3290 acie
442 3222 720 3291 dimicaturam:
743 3227 799 3289 sin
809 3246 884 3317 per
899 3236 1033 3291 metam
1054 3245 1141 3316 agro
1163 3244 1218 3288 ce·

162 3478 216 3509 tum
236 3465 279 3526 qai
297 3465 427 3514 delendum
442 3465 542 3514 'videtur
561 3477 602 3514 aut
620 3450 667 3533 pro
710 3467 770 3531 ipsis
781 3466 922 3526 minaretur,
935 3466 1027 3532 ingenti
1038 3484 1097 3514 mox
1110 3467 1221 3516 incendio

162 3541 207 3604 qai
214 3552 238 3586 et
249 3541 377 3604 legendum
387 3556 412 3592 et
420 3544 516 3609 qni
481 3546 550 3593 -Si
564 3546 624 3593 alios
637 3545 668 3593 ad
712 3561 824 3602 arsuros,·
838 3545 945 3593 cuulad
959 3548 999 3602 X,
1014 3554 1063 3605 aa,
1076 3556 1171 3610 not.,9
1192 3556 1217 3595 et

163 3620 330 3679 hamonem,
346 3623 406 3671 alios
422 3624 454 3671 ad
471 3624 619 3671 Mezetulum
634 3624 667 3671 le·
712 3626 791 3683 XXI,
812 3640 851 3671 10.

164 3697 229 3761 gavit
238 3699 378 3758 Masinissa
388 3702 516 3749 tuncnihil
527 3703 669 3750 mutandum
748 3718 773 3749 2.
796 3702 902 3749 Vixdum
917 3682 1052 3751 coalescens
1060 3703 1167 3769 foventis
1183 3721 1220 3751 re-

160 3775 254 3836 judicat
265 3777 392 3825 Creverms
405 3793 489 3830 contra
503 3784 579 3830 Gran.
590 3785 632 3846 qui
642 3783 669 3834 st
711 3797 801 3845 gnum,
826 3797 939 3844 regnum,
962 3781 1052 3831 θωπί
1076 3783 1172 3830 demum
1196 3795 1221 3834 et

164 3871 207 3918 qm
204 3855 312 3902 'recidit
327 3857 373 3903 En.
714 3861 886 3907 corroborari·
879 3863 1013 3925 sucipiens,
1029 3862 1072 3909 vix
1082 3862 1161 3910 adhuc
1170 3879 1221 3910 mo·

200 3934 260 3982 Cau.
271 3937 367 3983 XXXI.
377 3950 398 3981 1.
412 3936 466 3983 Nisi
479 3938 593 3986 orientem
603 3938 671 3986 illum
715 3939 793 3988 derasi
806 3953 830 3989 et
843 3941 905 3988 tueri
916 3940 1029 4001 valentis3
1046 3945 1120 3990 Doer.
1138 3943 1174 3992 Cf.
1188 3943 1221 3989 ad

164 4013 244 4080 ignem
262 4014 444 4078 oppressissent,
467 4018 619 4065 Masinissam
633 4020 671 4080 ju·
715 4022 739 4077 Ι,
756 4035 795 4079 ιι,
807 4037 831 4067 n.
841 4037 865 4067 2.
874 4023 910 4056 '—
918 4019 945 4066 Si
954 4020 1007 4084 qais
1018 4033 1114 4078 arceat,
1127 4021 1219 4087 Sypha-

164 4109 265 4154 venem,
279 4096 321 4158 qui
336 4093 429 4142 viribus
448 4096 523 4144 auctis
540 4096 670 4159 perniciem
715 4114 768 4148 cem
777 4114 858 4148 arcere
867 4111 969 4149 conetur
977 4099 1008 4148 ab
1019 4116 1078 4165 agro
1088 4100 1140 4150 illo.
