2768 4574
191 299 312 408 &35:225
402 320 553 386 claun
582 321 720 387 xxix.
746 322 853 388 cau.
880 323 982 389 xiv.
1149 324 1213 419 47¹

165 446 226 512 cicc
244 441 292 511 ab
310 455 390 511 ortu
409 440 492 513 solis
509 440 562 510 ad
576 439 792 509 occidentem
804 447 947 536 porrigi
968 449 1110 514 uisam:
1132 449 1218 514 Tur-

165 556 300 621 racinae
321 567 488 647 portam,
514 553 698 644 Anagniae
718 563 754 617 et
763 565 912 645 portam
938 566 974 620 et
995 552 1114 623 mulus
1137 553 1221 649 locis

165 684 308 731 murum
327 661 373 730 de
389 659 476 731 coelo
496 674 652 729 tactum:
671 663 708 727 in
724 658 803 728 aede
815 661 967 728 Iunonis
984 663 1136 756 Sospitae
1149 667 1222 733 La-

165 777 265 841 nuvii
276 795 357 840 cum
371 768 549 839 horrendo
551 770 706 864 fragore
718 773 904 864 strepitum
922 768 1068 838 editum.
1084 777 1221 843 Eorum

165 878 477 979 procurandorum
502 903 607 949 causa
636 877 734 949 diem
761 902 876 949 unum
899 878 1112 975 supplicatio
1138 878 1227 968 fuit;

166 1006 203 1063 et
223 989 446 1061 novemdiale
460 1012 617 1075 sacrum,
634 987 736 1085 quod
748 987 793 1059 de
805 986 890 1058 caclo
904 986 1098 1085 lapidatum
1113 1004 1223 1078 esset,

165 1095 330 1171 factum³.
354 1103 406 1168 Eo
423 1100 571 1168 accessit
588 1098 806 1169 consultatio
825 1098 870 1168 de
887 1101 1000 1167 Matre
1022 1095 1114 1167 Idaea
1135 1101 1224 1168 acci-

165 1208 312 1306 pienda,
331 1231 457 1304 quam,
475 1223 716 1304 praeterquam
738 1205 839 1303 quod
863 1211 912 1277 Μ.
925 1206 1106 1292 Valerius,
1126 1231 1223 1278 unus

166 1343 210 1389 ex
228 1317 351 1417 legatis
373 1342 603 1416 praegressus,
622 1332 784 1388 actutum
803 1319 841 1386 in
860 1316 960 1387 Italia
980 1314 1056 1387 fore
1076 1318 1221 1387 nuntia-

165 1443 282 1515 verat,
308 1453 433 1499 recens
460 1429 608 1498 nuntius
634 1427 774 1514 aderat,
802 1427 999 1497 Tarracinae
1024 1426 1099 1520 jam
1133 1450 1219 1496 esse.

165 1538 268 1609 Haud
295 1562 412 1634 parvae
437 1539 490 1608 rei
509 1537 684 1631 judicium
711 1549 875 1607 senatum
903 1534 1066 1622 tenebat,
1086 1536 1149 1631 qui
1169 1536 1224 1603 vir

166 1643 323 1747 optimus
339 1650 376 1718 in
391 1648 532 1718 civitate
547 1662 657 1718 esset:
673 1671 793 1718 veram
811 1659 907 1718 certe
921 1647 1130 1716 victoriami
1145 1646 1222 1740 ejus

165 1760 218 1828 rei
233 1757 300 1828 sibi
316 1758 469 1855 quisque
483 1757 623 1844 mallet,
637 1780 746 1853 quam
761 1756 834 1826 ulla
845 1755 995 1851 imperia
1007 1753 1222 1839 honoresve,

166 1867 338 1965 suffragio
367 1892 430 1938 seu
453 1873 613 1955 Patrum,
632 1891 695 1937 seu
722 1865 838 1963 piebis
866 1864 1012 1936 delatos.
1035 1870 1071 1935 P.
1090 1866 1223 1962 Scipio·

166 2000 268 2061 nem,
284 1981 350 2047 Cn.
366 1975 496 2073 filium,
511 1977 589 2072 ejus
604 1976 668 2072 qui
688 1976 726 2044 in
740 1975 908 2072 Hispania
925 1973 1119 2063 ceciderat,
1139 1973 1222 2044 ado-

166 2082 368 2155 lescentem
380 2084 543 2155 nondum
559 2086 811 2181 quaestorium,
826 2083 1077 2178 judicaverunt
1096 2085 1224 2154 intuta

166 2196 306 2265 civitate
318 2196 433 2265 virum
451 2193 634 2265 bonorum
649 2196 829 2291 optimum
848 2219 934 2264 esse.
946 2193 993 2276 ‚Id
1009 2192 1142 2289 quibus
1158 2195 1226 2264 vit·-

166 2304 306 2377 tutibus
325 2305 463 2375 inducti
481 2306 529 2375 ita
540 2304 747 2399 judicarint,
763 2306 854 2374 sicut
869 2304 1053 2401 proditum
1072 2329 1092 2374 a
1107 2307 1225 2401 proxi·

167 2553 192 2611 1,
207 2553 248 2609 31,
261 2568 287 2600 n.
302 2550 550 2607 1.-!nter1uaeisse,
564 2551 674 2598 intecto·
716 2564 774 2596 men
784 2549 997 2608 xxx,2;xut,
1015 2547 1057 2605 16,
1072 2563 1114 2607 ηις
1126 2550 1224 2607 XLIII,

165 2629 252 2676 nebms
262 2629 366 2678 luxisse:
377 2631 444 2692 quod
455 2630 559 2688 indicat,
569 2644 620 2675 uon
631 2628 673 2676 diu
720 2629 768 2687 ¹33
785 2627 862 2685 XLV,
874 2627 919 2684 16;
937 2627 987 2674 sul.
1003 2627 1092 2689 Obseq.
1106 2642 1159 2689 cap.
1175 2643 1223 2687 70,

166 2705 264 2753 durana
275 2707 353 2754 lucem
365 2707 443 2765 iliam,
452 2707 495 2754 sed
505 2723 564 2754 mox
573 2707 672 2753 rediisse
718 2722 759 2767 71,
773 2707 814 2763 83,
830 2705 886 2752 105.
902 2704 948 2750 His
956 2702 1018 2750 locis
1029 2715 1054 2751 et
1063 2705 1223 2770 nosttofaces

165 2785 245 2831 noctis
266 2784 376 2831 habitum
397 2796 555 2842 consuetum,
577 2785 672 2848 fulgore
714 2783 741 2831 in
754 2785 814 2832 caelo
826 2785 889 2831 sorta
900 2793 956 2829 sunt
969 2783 1044 2829 stcllae
1055 2783 1182 2843 cadentem
1194 2784 1224 2832 dc

165 2862 209 2909 illo
228 2863 401 2925 interruptum
417 2865 526 2910 Gronov.
546 2862 589 2926 qui
608 2874 673 2910 recto
717 2882 823 2928 quarum
846 2856 1048 2926 trajectionibus,
1069 2860 1227 2931 ἀπορῤοίαις,

67 2968 69 2973 -
166 2941 264 2988 damnat
273 2940 391 2987 emendat.
401 2941 477 3004 Lipsii
487 2955 493 2987 :
507 2951 531 2987 et
539 2940 673 2987 intemoctn
717 2941 769 2990 vid.
777 2944 859 3006 Heyn.
869 2940 899 2988 ad
907 2940 975 3002 Virg.
987 2941 1076 3003 Georg.
1086 2943 1110 2998 1,
1126 2942 1188 3004 365,
1197 2954 1223 2991 ct

167 3019 204 3084 (ut
213 3017 326 3081 interdiu)
338 3018 439 3075 luxisse,
451 3029 594 3081 monetque,
603 3021 674 3066 Voto-
718 3023 774 3068 AEn.
783 3023 822 3078 II,
836 3022 896 3082 69⁴·
910 3017 981 3066 Cous.
995 3031 1075 3067 tamen
1086 3019 1126 3066 dte
1137 3019 1224 3068 Prodi·

167 3114 205 3145 res
219 3096 316 3161 quidem
330 3096 419 3143 dixissb
432 3108 504 3143 noctu
519 3107 542 3144 et
553 3107 636 3153 nocte,
647 3108 675 3143 ut
716 3099 788 3164 gion,
802 3115 852 3145 aron
860 3100 949 3162 Steger,
961 3115 986 3162 p.
1000 3100 1082 3154 34-44.

168 3177 210 3225 diu
222 3176 307 3232 ctdie,
321 3191 371 3222 uon
381 3191 440 3222 vero
449 3175 583 3222 internoctn
597 3174 675 3240 (quod
754 3178 777 3224 3.
796 3176 954 3224 Nouendiale
973 3175 1205 3240 sacrum...factum
1213 3196 1223 3235 ,·

168 3258 234 3322 Lipa.
258 3255 330 3303 etiam
349 3254 434 3310 Lisio,
453 3255 565 3310 xxm,
586 3269 632 3315 29,
650 3264 675 3300 et
718 3254 995 3313 vidaad1,3s,n.3,
1011 3255 1161 3313 etxxvu,
1181 3257 1223 3316 37,

169 3336 265 3394 Gellio,
279 3337 366 3393 111,2,
380 3332 490 3380 obtrudit
498 3347 544 3395 pro
557 3331 620 3378 i'nter
630 3348 674 3378 no·
717 3348 742 3380 n.
757 3349 778 3380 1.
791 3336 831 3369 '-
850 3332 898 3395 Qui
908 3332 950 3378 vir
964 3331 1067 3395 optimus
1087 3334 1111 3378 in
1129 3332 1225 3382 civitate

168 3413 256 3478 crem),
269 3425 298 3462 ut
307 3411 421 3460 interdius
432 3422 456 3459 et
465 3422 557 3458 resecto
569 3427 618 3458 uno
630 3410 675 3459 ele·
719 3422 791 3468 esset,
801 3425 815 3458 a
825 3426 874 3473 quo
883 3411 934 3457 Dea
945 3409 1053 3474 hospitio
1063 3409 1224 3474 exciperemu-

168 3503 251 3539 mento
260 3492 363 3539 interdiu
374 3507 420 3556 pro
432 3490 525 3539 interim
534 3490 573 3537 vei
584 3490 675 3537 interea
719 3489 791 3538 Conf.
804 3505 859 3552 cap.
872 3503 912 3536 11.

167 3569 226 3616 dum
241 3569 307 3616 diust
319 3572 356 3618 vel
369 3570 420 3618 dies
430 3581 478 3626 est,
497 3580 524 3615 ut
538 3567 674 3615 nuditum·
755 3574 778 3623 4.
797 3569 884 3613 Veram
901 3576 964 3613 certo
983 3564 1113 3612 victoriam
1126 3565 1177 3630 ejus
1189 3563 1227 3616 roi

169 3644 216 3694 n'us
231 3657 255 3694 et
271 3647 459 3712 nudiusquartus
474 3662 520 3712 pro
534 3662 599 3693 nunc
610 3645 675 3692 diust
716 3643 763 3691 sibi
771 3643 871 3708 quisque
879 3642 1060 3715 malle25in1iIS
1068 3641 1223 3704 Gud.maIIe,

168 3725 207 3771 vel
215 3723 266 3771 dies
274 3727 397 3773 esttertius
406 3738 431 3774 ct
441 3726 674 3790 quartus-Facem
717 3734 744 3771 ut
756 3739 807 3770 non
819 3723 851 3770 sit
860 3721 982 3783 judicium
991 3721 1111 3778 auctoni,
1126 3723 1169 3769 sed
1183 3738 1224 3769 ox·

167 3802 237 3848 Setius
256 3818 288 3849 ex
307 3805 402 3850 emend,
422 3805 501 3853 Rhen.
522 3808 552 3852 In
572 3803 674 3868 optimis
717 3802 807 3866 positio
822 3801 918 3848 habitus
936 3799 1072 3846 animorum
1089 3798 1153 3846 inter
1169 3816 1225 3865 pro-
1296 3831 1298 3834 >

168 3881 230 3927 MSS
239 3880 326 3936 stelio,
338 3883 421 3928 steilioe
430 3894 454 3929 et
461 3884 544 3933 stelloe.
553 3883 674 3931 Posterius
719 3897 797 3938 οπεος
813 3880 889 3926 Gron.
908 3904 944 3914 -
961 3877 1145 3926 Adolescentern
1162 3876 1223 3928 non'·

168 3959 321 4027 probandum
338 3959 438 4021 putabat
460 3963 513 4008 Jac.
533 3964 610 4010 Gron.
629 3978 674 4008 nec
719 3961 777 4007 dum
789 3956 955 4021 quaestoriurn,
974 3954 1085 4002 nondum
1097 3972 1124 4004 ea
1137 3968 1224 4018 aetat'o,

170 4037 338 4104 requirendum
358 4037 445 4100 oppidi
463 4055 560 4086 nomen.
585 4041 622 4087 Cf.
642 4052 674 4087 ta·
720 4055 764 4103 qua
781 4047 899 4103 quaestura
914 4037 964 4101 peti
977 4045 1090 4098 poteram
1107 4036 1172 4086 nuk.
1185 4036 1226 4090 CI,
