2768 4574
182 297 304 404 ῧῖὲῐὲἑξῐ
340 283 523 385 xlitteren
552 319 673 384 xxv.
703 321 808 388 car.
837 323 1059 390 xxxvru.
1172 346 1214 416 91

156 469 173 504 «
186 439 262 510 dies
275 452 473 535 noctesque
487 439 581 508 curis
594 439 855 533 insomniisque
867 441 1002 535 agitant
1015 455 1051 510 et
1065 442 1223 512 excitant

155 581 172 616 (ι
186 574 278 648 saepe
302 546 452 636 somno;⁴
467 573 541 619 neu
557 573 615 637 se,
631 572 706 619 neu
723 550 876 620 invictos
895 574 961 646 per
978 547 1086 621 octo³
1106 574 1222 622 annos
1324 604 1326 609 ν

157 663 224 730 «in
239 660 295 730 bis
314 660 417 730 terris
430 659 561 729 milites
577 683 677 744 suos,
697 659 961 731 commilitones
975 676 1133 749 vestros,
1148 688 1223 734 neu
1319 692 1322 699 ·

157 801 174 836 a
188 766 449 869 rempublicam
474 771 590 866 patiar
613 770 787 858 inultam,
809 785 846 840 et
871 791 972 840 suam
997 771 1222 869 disciplinam

157 905 326 978 «suaque
344 881 506 950 instituta
525 880 628 975 sequi
638 877 794 974 jubent3
812 894 867 969 et,
883 893 925 950 ut
945 882 1105 979 imperiis
1123 885 1225 954 vivo-

157 1022 173 1058 «
186 1014 268 1063 rum
281 1015 391 1062 nemo
408 989 638 1061 obedientior
653 1012 711 1060 me
730 1013 806 1061 uuo
822 988 945 1079 fuerit,
965 993 1014 1062 ita
1031 1008 1113 1089 post
1126 1019 1224 1064 mor·
1252 1078 1253 1083 ἵ

157 1117 261 1174 «tem
283 1123 406 1190 suam,
429 1100 531 1198 quod
553 1124 698 1197 quaque
718 1102 815 1172 inre
835 1100 994 1173 facturos
1017 1102 1097 1175 illos
1116 1101 1224 1175 fuisse
1260 1088 1266 1099 Χ

157 1244 175 1278 «
187 1215 341 1284 maxime
360 1236 541 1299 censeam,
557 1210 595 1281 id
609 1213 789 1309 optimum
801 1213 934 1284 ducere
944 1216 972 1282 4.
988 1217 1065 1294 Vos
1077 1238 1226 1312 quoque

158 1324 315 1412 «velim,
329 1323 479 1412 milites,
497 1348 573 1393 non
592 1321 759 1394 lamentis
774 1321 1031 1420 lacrymisque,
1051 1339 1227 1421 tanquam

159 1437 385 1505 «exstinctos
408 1434 581 1531 prosequi
598 1433 749 1528 (vivunt
773 1435 969 1529 vigentque
989 1431 1083 1504 fama
1101 1452 1239 1504 rerum·

119 1608 128 1621 .
159 1543 415 1644 «gestarumi,
437 1541 521 1631 sed,
539 1544 842 1641 quotiescumque
861 1559 1028 1615 occurret
1048 1546 1226 1615 memoria

159 1640 353 1743 «illorum,
372 1653 471 1725 velut
489 1655 519 1724 si
537 1652 770 1724 adhortantes
788 1653 1005 1750 signumque
1027 1653 1154 1724 dantes
1172 1656 1227 1724 vi·
1262 1741 1265 1747 ι

158 1797 175 1832 «
189 1766 303 1838 deatis
317 1787 397 1853 eos,
413 1766 463 1836 ita
475 1765 596 1862 prelia
609 1766 711 1836 inire.
725 1769 800 1837 Nec
814 1764 882 1834 alia
897 1762 1061 1861 profecto
1074 1766 1226 1862 species,

159 1907 176 1943 a
190 1877 363 1948 hesterno
377 1875 436 1946 die
453 1874 566 1945 oculis
582 1877 784 1971 animisque
799 1875 927 1946 vestris
940 1874 1079 1963 oblata,
1092 1896 1229 1946 memo-

161 1987 303 2058 «rabile
321 1985 413 2056 illud
440 1985 552 2057 edidit
576 1987 758 2085 praelium3
782 2010 858 2082 quo
885 1984 1146 2057 documentum
1164 1985 1230 2057 de·

160 2125 177 2160 u
190 2094 291 2167 distis
301 2094 488 2182 hostibus,
500 2118 578 2165 non
589 2119 673 2166 cum
683 2095 912 2193 Scipionibus
925 2099 1139 2168 exstinctum
1151 2122 1229 2169 esse

160 2230 325 2279 «nomen
347 2226 559 2294 romanum,
579 2221 631 2294 et,
651 2209 752 2302 cujus
772 2207 899 2304 populi
917 2208 971 2278 vis
989 2222 1099 2304 atque
1117 2210 1231 2279 virtus

160 2338 270 2389 «non
294 2315 427 2388 obruta
449 2317 494 2387 sit
519 2318 691 2386 cannensi
713 2316 835 2405 clade,
865 2342 911 2388 ex
933 2321 1034 2389 omni
1064 2317 1244 2415 profecto'

161 2461 179 2496 «
191 2431 324 2502 saevitia
336 2428 491 2500 lortunae
502 2449 722 2499 emersuram
735 2425 845 2500 esse⁵.
859 2433 981 2517 Nunc,
991 2432 1077 2527 quia
1088 2442 1229 2501 tantum

162 2570 179 2605 α
192 2542 270 2612 ausi
286 2541 370 2612 estis
384 2553 514 2637 sponte
527 2553 664 2627 vestra,
682 2541 837 2636 experiri
848 2539 953 2627 libet,
972 2555 1150 2636 quantum
1166 2566 1231 2612 au·

154 2680 179 2737 ¹«
194 2651 307 2722 deatis
324 2650 416 2721 duce
435 2663 555 2723 vestro
572 2664 730 2721 auctore.
748 2654 833 2722 Non
851 2651 948 2720 enim
966 2649 1138 2721 hesterno
1153 2650 1241 2738 die,

162 2791 179 2826 «
192 2783 307 2858 quum
318 2764 459 2858 signum
471 2763 636 2860 receptui
650 2760 735 2832 dedi
752 2759 989 2856 sequentibus
1004 2758 1119 2831 effuse
1129 2761 1233 2831 vobis

103 2929 104 2932 ,
162 2870 381 2944 «turbatum
400 2871 562 2959 hostem,
579 2869 745 2970 frangere
767 2869 954 2940 audaciam
972 2885 1148 2959 vestram,
1169 2871 1233 2942 sed

163 2981 340 3055 «differre
358 2983 396 3053 in
411 2983 585 3077 majorem
604 2983 754 3079 gloriam
773 2996 883 3077 atque
902 2981 1231 3078 opportunitatem,

58 3145 60 3147 >
163 3125 181 3162 (ι
194 3092 315 3181 volui3
334 3104 376 3163 ut
395 3089 589 3190 postmodo
602 3093 791 3190 praeparati
803 3093 987 3176 incautos,
1003 3092 1129 3161 armati
1142 3092 1236 3162 iner-

163 3236 181 3271 ι(
194 3231 293 3291 mes,
314 3202 424 3301 atque
444 3203 551 3274 etiam
571 3203 727 3299 sopitos,
753 3228 819 3299 per
840 3203 1067 3273 occasionem
1087 3201 1235 3299 aggredi

145 3347 182 3419 ἱιι.
195 3317 358 3413 possetis.
380 3318 456 3386 Nec
475 3311 585 3407 hujus
603 3315 802 3384 occasionis
822 3338 945 3412 spem,
967 3312 1118 3398 milites,
1139 3311 1234 3384 forte

165 3441 331 3497 «temere
340 3423 368 3514 ⁶,
390 3423 454 3496 sed
474 3446 576 3495 exre
599 3423 675 3522 ipsa
701 3439 914 3523 conceptam
933 3422 1062 3494 habeo.
1081 3428 1111 3494 A
1130 3423 1234 3495 vobis

165 3567 181 3600 «
194 3561 343 3634 quoque
356 3534 519 3633 prolecto
530 3536 559 3606 si
571 3535 653 3631 quis
663 3549 818 3631 quaerat,
828 3559 989 3631 quonam
1002 3532 1114 3604 modo
1126 3534 1233 3631 pauci

109 3757 113 3765 '
202 3761 226 3809 3.
237 3760 341 3808 Invictos
351 3774 398 3824 per
410 3772 465 3808 octo
479 3774 572 3817 annon
592 3758 677 3809 confer
757 3761 830 3809 &Ex
839 3759 907 3807 omm'
913 3774 939 3824 p.
949 3757 1237 3826 soevitiajbrmnoeemer·

166 3840 197 3890 ad
207 3853 261 3904 cap.
274 3838 322 3897 36,
333 3852 358 3886 n.
375 3841 398 3888 Β.
585 3875 586 3878 ¹
721 3856 804 3888 suram
822 3853 874 3887 eam
891 3839 969 3904 (quae'
980 3853 1031 3887 vox
1048 3838 1112 3888 forte
1125 3840 1235 3908 excidit)

203 3930 226 3979 4.
239 3919 273 3967 ld
288 3917 405 3982 optimum
416 3920 503 3967 ducere
516 3920 568 3968 soil
579 3920 676 3981 jubent.
721 3934 786 3976 esse;
800 3918 885 3968 confer
895 3918 927 3966 ad
938 3922 963 3967 ΙΙ
972 3955 978 3978 ,
988 3935 1036 3983 29,
1045 3935 1071 3968 n.
1087 3936 1110 3981 7.
1120 3920 1160 3968 Sic
1169 3922 1236 3986 apud

166 4029 202 4040 -
218 3996 342 4048 tamenne
365 3998 524 4064 lacrymisque
545 3999 677 4048 cxrtt'nrtos
722 4000 809 4047 Horat.
822 3996 873 4049 nd.
884 3997 969 4071 lym,
983 3999 1018 4048 65
1031 4011 1084 4063 sqq.
1095 4000 1140 4047 En

161 4079 280 4146 prosequi
284 4095 295 4136 ,·
307 4074 362 4125 vide
375 4076 406 4124 ad
415 4092 469 4143 cap.
479 4080 527 4137 26,
536 4094 561 4126 n.
575 4078 599 4126 5.
758 4079 782 4128 6.
798 4081 869 4127 Forte
881 4074 968 4287 erpere
975 4097 985 4138 ;
997 4078 1054 4127 vide
1063 4077 1094 4126 ad
1104 4081 1142 4138 11,
1158 4082 1199 4140 31,
1209 4097 1235 4128 a.

915 4292 934 4371 Ιχι
