2768 4574
167 289 288 397 litt:
384 309 541 377 Linea
570 310 734 378 xxvii.
763 310 869 378 car.
898 313 947 380 11.
1136 313 1204 382 225

139 429 368 500 Herdoneam
395 431 526 499 amisso
556 428 701 500 scribit·
724 431 900 501 Caeternm
926 430 1092 514 eumdem
1120 446 1203 522 se‘,
1265 490 1268 495 .

109 617 111 621 ¹
139 546 204 636 qni
210 556 300 637 post
316 564 531 609 cannensem
538 564 708 636 pugnam
714 541 880 628 ferooem
898 545 1050 611 victoria
1064 547 1206 614 Hanni·

141 650 257 720 halem
272 649 506 736 contudisset,
523 656 574 718 r're
589 649 757 719 adversus
772 670 872 734 eum,
884 649 1031 721 'brevem
1049 653 1103 723 illi
1119 655 1204 726 laeti·

140 767 244 848 tiam,
258 786 333 858 quo
347 759 515 845 exsultet,
518 763 720 850 fracturum.
734 764 777 828 Et
792 764 912 828 Romae
924 759 1072 855 quidem
1088 787 1204 859 quum

139 872 257 942 luctus
268 872 448 968 ingens-ex
462 871 657 966 praterito,
673 884 751 938 turn
767 867 1101 941 timor-infuturum
1116 889 1201 944 erat.

138 982 295 1069 Consul,
317 1007 359 1051 ex
383 981 529 1050 Samnio
545 981 582 1048 in
604 985 769 1049 Lucanos
787 992 1045 1073 transgressus,
1066 981 1110 1050 ad
1129 987 1204 1053 Nu-

138 1095 373 1162 mistronem²
388 1092 426 1160 in
437 1104 635 1188 conspectu
644 1088 854 1160 Hannibalis
864 1089 947 1161 loco
956 1092 1078 1189 planO,
1091 1120 1213 1192 quum³

138 1208 272 1273 Poenus
289 1200 418 1272 collem
432 1215 590 1286 teneret,
607 1201 729 1298 posuit
741 1214 873 1286 castra;
886 1201 1033 1274 addidit-
1047 1218 1083 1274 et
1099 1205 1206 1275 aliam

138 1311 283 1384 fidentis
302 1313 481 1410 speciem,
501 1311 599 1408 quod
623 1311 725 1409 prior
747 1312 785 1379 in
807 1311 918 1380 aciem
943 1309 1088 1382 eduxit³
1110 1340 1118 1383 :
1137 1338 1206 1386 nec

137 1420 562 1507 detrectavit-Hannibal,
581 1435 621 1491 ut
639 1422 738 1519 signa
757 1424 872 1518 portis
893 1419 1012 1492 efferri
1033 1422 1133 1495 vidit.
1150 1431 1206 1497 Ita

137 1549 260 1605 tamen
275 1534 389 1606 aciem
404 1535 674 1618 instruxerunt,
693 1544 735 1600 ut
749 1536 887 1616 Poenus¹
902 1530 1069 1602 dextrum
1090 1558 1206 1606 cornu

137 1647 174 1715 in
190 1644 320 1716 collem
336 1646 507 1742 erigeret,
523 1642 678 1713 Romani
692 1642 875 1712 sinistrum
889 1641 933 1712 ad
948 1643 1124 1740 oppidum
1141 1671 1205 1743 ap-

136 1756 323 1853 plicarent.
347 1755 400 1826 Ab
423 1754 512 1825 ho'ra
538 1754 643 1824 tertia
668 1777 782 1849 quum
797 1751 851 1835 ad
875 1767 1021 1822 noctem
1044 1778 1205 1851 pugnarn

137 1865 402 1953 extendissent,
422 1862 595 1960 fessaeque
612 1861 812 1960 pugnando
825 1863 950 1958 primae
964 1864 1057 1934 acies
1070 1879 1202 1953 essent,

136 1973 181 2044 ab
195 1975 366 2043 Romanis
380 1975 495 2071 prima
510 1973 602 2069 legio
620 1986 656 2042 et
670 1971 816 2042 dextera
831 1972 919 2058 alal,
934 1970 981 2042 ab
997 1973 1202 2054 Hannibale

136 2083 278 2181 hispani
289 2084 427 2155 ‘milites
442 2098 477 2154 et
489 2081 653 2154 funditor
665 2080 826 2169 baliaris,
841 2081 1026 2180 elephanti
1040 2109 1200 2181 quoque,

137 2260 244 2308 i'rontin.
264 2264 336 2310 Strat.
356 2266 398 2321 11,
422 2263 452 2322 5,
472 2279 521 2322 213
537 2263 646 2327 Appian.
692 2262 798 2311 sectanda
812 2263 863 2310 acie
876 2265 1007 2311 Poenorum
1021 2264 1063 2311 diu
1073 2276 1159 2313 neutro
1169 2266 1204 2313 in·

135 2340 645 2406 Hanni&0ros.lV,18,ibiqueFabric.
691 2343 784 2390 olianta
797 2342 902 2398 steterit,
916 2354 941 2390 et
956 2359 1015 2390 mox
1030 2344 1119 2408 integri
1137 2345 1204 2393 aliia

169 2419 230 2466 Cer.
237 2422 269 2467 11.
283 2437 304 2468 1.
314 2421 433 2468 Eumdem
442 2438 479 2478 se,
491 2433 551 2481 ete.;
561 2423 646 2471 confer
690 2421 760 2469 fessis
772 2423 915 2486 exciperent
927 2423 1052 2486 prelium,
1066 2423 1145 2471 donee
1158 2441 1205 2489 pu·

135 2497 198 2544 Plut.
211 2500 320 2548 Marcell.
330 2516 387 2565 pag.
400 2502 458 2548 312.
689 2513 791 2565 gurnms
806 2517 859 2548 nox
874 2501 1005 2550 dirimeret.
1021 2505 1102 2564 Quare
1117 2504 1148 2551 el.
1160 2504 1203 2553 ille

170 2591 194 2622 a.
213 2579 255 2623 Ex
272 2580 371 2626 Samnio
391 2580 415 2626 in
437 2583 547 2628 Lucanos
564 2592 644 2628 trans·
688 2593 784 2629 nostras
792 2581 854 2627 Livii
864 2581 1024 2644 interpresitu
1033 2581 1115 2629 locum
1125 2599 1203 2630 emen·

132 2669 239 2716 gressus,
252 2656 289 2702 ad
296 2658 474 2705 Numistronem
486 2678 494 2706 :
506 2659 572 2723 apud
580 2660 643 2706 Ptol.
689 2659 743 2708 dut:
751 2658 915 2708 u...Iiomam'
918 2659 1041 2706 sinistrum
1048 2661 1085 2706 ad
1089 2661 1204 2725 oppidum

135 2733 295 2803 Νουμίστρων
306 2739 332 2785 in
340 2740 443 2789 bruttiis
452 2741 643 2800 mediterraneis,
689 2739 849 2800 applicarent·
871 2737 922 2784 Diu
933 2730 1028 2802 pugna¹
1039 2751 1125 2786 neutro
1146 2739 1204 2812 incl.

134 2828 239 2875 quorum
255 2815 366 2877 superior
380 2832 435 2879 pars
448 2818 537 2879 passim
548 2833 561 2863 a
573 2817 643 2864 Livio
688 2815 761 2862 stetit.
773 2813 812 2860 Ab
832 2812 895 2860 tora
912 2815 986 2862 tertia
1002 2832 1077 2879 quum
1091 2819 1127 2866 ad
1137 2831 1203 2867 noct.

134 2893 237 2939 Lucanis
252 2891 375 2941 tribuitur.
389 2893 548 2941 Numestrani
555 2910 645 2942 memo·
683 2909 744 2958 pag.
755 2891 869 2958 exefirss.
879 2907 940 2957 pag.
945 2910 986 2957 pr.
997 2908 1132 2954 anessent,
1147 2914 1203 2962 quae

134 2981 218 3019 rantur
230 2970 294 3018 Plin.
304 2973 355 3028 ΙΙΙ,
368 2986 413 3028 rr,
426 2988 468 3018 seu
481 2973 521 3020 15.
689 2972 781 3018 seilicet
795 2982 864 3018 erant
881 2971 914 3018 ab
930 2973 1057 3030 Romanis,
1077 2975 1104 3022 id
1120 2988 1170 3035 est,
1189 2994 1203 3025 a

170 3052 194 3098 3.
214 3050 286 3097 Prior
300 3050 325 3096 iu
336 3052 413 3097 aciem
425 3050 527 3107 edraim
545 3051 645 3100 vidend
689 3052 762 3098 Rom.
772 3061 854 3115 parte,
868 3050 952 3113 prima
967 3051 1012 3116 leg.
1024 3064 1050 3099 ec
1059 3053 1129 3102 dext.
1143 3057 1201 3113 ala,

133 3131 159 3187 Ι,
176 3131 223 3187 23,
238 3145 263 3176 n.
276 3136 300 3184 a.
311 3155 346 3164 —
361 3128 474 3176 Pluribus
484 3129 549 3175 bunc
562 3129 645 3177 locum
689 3130 721 3176 ab
731 3129 870 3176 Hannibale
879 3145 951 3187 vero,
963 3129 990 3176 id
1000 3141 1052 3190 est,
1065 3132 1096 3179 ab
1109 3135 1203 3182 Hunni·

134 3209 242 3258 ostendit
262 3207 406 3272 inpeditum
423 3224 482 3255 esse
506 3208 643 3266 Creretius.
687 3207 750 3255 baiis
760 3218 843 3272 parte,
856 3207 955 3271 hispani
965 3208 1015 3256 mil.
1029 3221 1053 3256 et
1057 3209 1133 3275 fimd.
1147 3214 1202 3261 nat.

133 3290 240 3336 Primum
249 3289 305 3352 quia
314 3286 418 3351 intelligi
424 3303 475 3334 non
486 3295 581 3351 potest,
591 3304 645 3350 quae
689 3285 766 3350 eleph.
777 3303 885 3350 quoque,
898 3287 939 3350 qui
949 3287 1074 3336 commisso
1079 3289 1137 3353 jam
1143 3302 1203 3339 cert.

133 3368 160 3412 in
173 3366 220 3413 boc
230 3367 398 3431 pralioprima
406 3367 644 3413 aoies'liomanourm
690 3364 714 3410 iu
719 3381 759 3427 pr.
773 3365 826 3412 acci
839 3366 946 3424 fuerant;
953 3365 1043 3428 primoe
1054 3367 1100 3432 leg.
1113 3369 1202 3427 tertia,
1259 3404 1260 3408 ,

133 3445 219 3502 fuerit,
237 3446 350 3493 distincta
367 3463 380 3493 a
397 3445 491 3493 duabus
506 3444 645 3508 legionibus
690 3455 714 3491 et
728 3444 794 3490 dext.
808 3444 857 3491 riloe
867 3444 912 3491 siu.
923 3444 1013 3501 subiit,
1028 3446 1131 3508 et'apud
1140 3446 1202 3495 host.

120 3513 122 3517 ⁸
133 3534 158 3570 et
178 3540 190 3570 a
211 3522 304 3570 duabus
323 3525 366 3572 alis
383 3540 390 3572 ε
411 3525 502 3590 quippe
515 3525 645 3573 Marcellus
690 3522 733 3570 int.
743 3523 823 3589 afess.
829 3540 891 3588 pug.
903 3539 1042 3587 accepere.»
1052 3525 1097 3572 Eo.

134 3600 194 3667 (vid.
202 3601 299 3657 XXVI,
309 3600 353 3666 28)
364 3603 423 3650 duas
430 3616 524 3651 tantum
531 3602 645 3652 babuisse
726 3609 749 3657 a.
760 3602 844 3648 Prima
858 3601 956 3666 legioet
965 3602 1068 3650 dextera
1080 3605 1123 3651 aio
1132 3605 1202 3670 (vid.

132 3679 241 3742 legiones
250 3679 354 3738 dicatur,
375 3697 506 3745 paremque
517 3697 645 3730 numerum
690 3679 809 3734 adxxv,
823 3697 865 3738 ar,
875 3697 901 3727 n.
909 3680 1027 3744 4)prima
1034 3683 1201 3732 Romanorum

133 3759 255 3806 sociorum
266 3759 293 3805 in
305 3759 364 3806 duas
375 3759 481 3808 divisum
494 3761 550 3809 alas.
562 3763 645 3810 Altera
689 3759 768 3817 acies,
781 3775 832 3806 non
844 3761 895 3820 ejus
909 3759 1060 3820 subsidium,
1072 3773 1096 3808 et
1107 3764 1202 3828 epodo·

133 3836 265 3884 difficultas
275 3837 302 3883 in
310 3852 339 3883 eo
347 3839 481 3900 pontuert,
492 3841 560 3904 quod
569 3857 644 3904 quum
690 3839 722 3886 sis
732 3838 795 3886 iorte
805 3848 841 3885 est
850 3839 940 3884 Primae
947 3838 1037 3902 legioni
1044 3840 1130 3898 tertia,
1142 3855 1203 3904 ete,

131 3917 217 3979 primae
228 3916 292 3962 acies
302 3915 333 3961 ad
341 3926 438 3964 noctem
447 3934 553 3982 pugnam
563 3931 645 3967 exten·
689 3918 776 3966 mediis
798 3933 843 3981 per
864 3918 1010 3980 epexegesin
1035 3917 1200 3984 interpositie;

133 3994 236 4052 dissent,
245 3994 311 4042 hatrd
322 3995 380 4041 satis
390 3997 508 4060 temporis
518 4014 645 4062 superesse
689 3999 760 4048 Crer.
772 4007 796 4044 et
804 3996 927 4044 Drakenb.
942 3997 1035 4044 Confer
1045 4009 1069 4045 et
1080 3999 1158 4048 Sobel.
1170 4002 1202 4048 ad

133 4072 232 4134 debuit,
242 4085 269 4121 nt
281 4073 367 4138 primae
380 4073 484 4139 legionis
497 4090 578 4139 pugna
589 4092 644 4123 eum
689 4075 778 4140 Polyb.
790 4075 846 4123 diss.
857 4077 916 4122 XII.
930 4076 989 4123 Post
998 4077 1071 4124 subiit
1080 4094 1140 4126 vero
1152 4095 1202 4128 ma-

256 4165 297 4230 V.
992 4161 1031 4232 15
