2768 4574
170 280 239 378 376
588 280 626 344 r.
659 280 794 346 mvn
1074 248 1245 362 attat?

95 406 100 419 '
170 403 296 500 quiex
316 400 375 470 illa
400 399 499 470 clade
525 398 568 468 ad
591 422 653 468 eos
674 395 924 494 perfugerant,
947 391 1234 466 interficiendis-

170 536 242 609 que
260 510 374 581 scelus
393 511 498 581 etiam
517 505 711 578 defectioni
727 505 947 576 addiderant.
964 509 1006 573 lu
1024 528 1086 574 eos
1103 528 1231 601 popu·

173 621 228 692 los
255 621 371 718 primo
399 618 575 704 adventu,
601 642 714 712 quum
739 615 856 686 dubiae
883 616 1061 711 Hispaniae
1085 628 1232 701 essent,

172 728 301 799 merito
325 729 454 824 magis,
482 751 590 822 quam
615 726 770 811 utiliter,
795 726 954 796 saevitum
979 723 1081 794 foret.
1103 725 1233 811 Tunc,

94 866 104 885 ³
168 841 240 934 jam
256 837 457 934 tranquillis
475 834 601 925 rebus,
622 838 705 932 quia
722 851 863 932 tempus
879 833 1088 932 expetendae
1107 857 1233 931 poenae

170 945 361 1018 videbatur
376 948 532 1033 venisse,
551 948 702 1016 accitum
719 944 764 1015 ab
783 950 983 1015 Tarracone
998 949 1038 1014 L.
1048 945 1232 1014 Marcium

172 1080 254 1128 cum
270 1058 374 1126 tertia
392 1070 493 1152 parte
510 1058 695 1152 copiarum
714 1056 757 1124 ad
773 1056 1003 1125 Castulonem
1018 1077 1233 1150 oppugnari·

173 1163 259 1234 dum
281 1165 390 1234 mittit
406 1191 416 1232 :
432 1165 508 1260 ipse
529 1189 610 1235 cum
629 1179 758 1237 caetero
778 1165 937 1235 exercitu
955 1164 1092 1260 quintis
1114 1161 1231 1234 ferme
1336 1182 1339 1189 '

172 1271 218 1342 ad
244 1272 420 1369 Illiturgin
450 1276 571 1344 castris
598 1276 772 1370 pervenit.
801 1274 936 1345 Clausae
965 1287 1067 1343 erant
1091 1286 1228 1368 portae,

172 1384 366 1479 omniaque
384 1385 557 1454 instructa
578 1399 613 1454 et
633 1399 755 1480 parata
775 1384 819 1454 ad
839 1383 1153 1481 oppugnationem
1172 1407 1229 1454 ar-

173 1492 346 1564 cendam:
364 1492 455 1563 adeo
475 1496 712 1582 conscientia,
739 1493 828 1589 quid
852 1518 889 1563 se
907 1493 1054 1564 meritos
1074 1493 1230 1579 seirent,

172 1627 240 1699 pro
261 1601 397 1673 indicto
420 1604 471 1672 eis
493 1601 590 1673 bello
611 1602 735 1672 fuerat.
756 1604 848 1673 Hinc
873 1618 909 1672 et
932 1601 1067 1671 hortari
1094 1600 1232 1673 milites

172 1713 290 1808 Scipio
312 1735 413 1781 orsus
433 1726 486 1782 est
506 1739 512 1780 :
535 1718 636 1808 Ipsos
657 1711 865 1782 claudendis
881 1717 1025 1807 portis²
1048 1711 1232 1783 indicasse

173 1826 373 1918 Hispanos,
401 1822 508 1918 quid,
536 1837 577 1890 ut
603 1826 779 1907 timerent,
807 1826 924 1890 meriti
950 1826 1233 1918 essentiaeque

174 1930 285 2000 multo
304 1930 542 2019 infestioribus
561 1936 691 1998 animis
714 1954 795 1998 eum
818 1929 875 2015 iis',
900 1956 1010 2026 quam
1035 1955 1118 2000 cum
1139 1933 1233 2001 Car-

83 2070 92 2091 =
175 2038 474 2134 thaginiensibus,
504 2039 634 2109 bellum
653 2041 851 2134 gerendum
870 2065 955 2110 esse.
981 2044 1126 2137 Quippe
1147 2066 1233 2111 eum

177 2149 245 2219 illas
259 2174 374 2245 prope
387 2155 464 2218 sine
478 2155 532 2218 ira
546 2150 591 2217 de
607 2154 754 2245 imperio
769 2165 805 2218 et
812 2148 930 2243 gloria
945 2154 1074 2218 certari
1080 2176 1092 2234 ,·
1108 2148 1162 2218 ab
1176 2150 1234 2220 tu

166 2259 337 2355 perfidiae
355 2275 390 2328 et
409 2257 624 2329 crudelitatis
642 2274 677 2328 et
698 2258 836 2328 sceleris
851 2283 984 2355 paenas
1006 2259 1235 2354 expetendas

176 2392 261 2437 esse.
286 2371 431 2436 Venisse
455 2383 610 2464 tempus,
634 2393 706 2464 quo
734 2383 769 2437 et
791 2368 989 2457 nefandam
1014 2368 1234 2440 commilito·

176 2501 263 2545 num
280 2501 417 2563 necem,
440 2483 526 2544 etin
546 2493 658 2546 semet
680 2483 790 2573 ipsos,
811 2483 844 2546 si
868 2477 1101 2572 eodemsuga
1118 2478 1238 2550 delati

59 2570 66 2583 ⁸
165 2589 309 2675 forent,
328 2593 534 2673 instructam
539 2587 716 2676 fraudem
731 2587 997 2674 ulciscerentur,
1014 2593 1104 2656 etin
1122 2612 1237 2661 omne

176 2712 313 2793 tempus
334 2696 663 2790 gravidocumento
681 2703 875 2783 sancirent,
897 2702 1040 2793 nequis
1065 2691 1237 2792 unquam

175 2831 365 2876 romanam
390 2812 499 2876 civem
524 2807 710 2877 militemve
730 2813 766 2876 in
785 2805 859 2876 nlla
872 2808 1030 2896 fortuna
1054 2824 1236 2903 opportu-

175 2942 262 2986 num
281 2914 443 3010 injurice³
463 2919 616 2988 duceret.
633 2917 687 2988 Ab
703 2918 770 2988 hac
790 2918 1036 2988 cohortatione
1054 2914 1161 2991 ducis
1175 2921 1237 2991 in-

177 3028 274 3096 citati
290 3026 399 3097 scalas
415 3026 535 3096 electis
553 3050 618 3123 per
631 3027 834 3124 manipulos
852 3028 936 3096 viris
952 3026 1138 3115 dividunt,
1154 3052 1238 3126 par·

176 3136 316 3232 titoque
342 3135 519 3222 exercitu,
545 3137 655 3206 itaut
677 3138 768 3234 parti
790 3137 892 3207 alteri
910 3136 1037 3208 Laelius
1060 3153 1237 3233 praeesset

176 3376 307 3424 -Merito
322 3372 415 3438 magis,
429 3389 504 3436 quam
515 3372 610 3420 utiliter.
630 3375 677 3420 Hic
721 3373 834 3422 anocitaa
849 3372 963 3438 supplicii
971 3374 1053 3421 foraau
1061 3372 1237 3437 Hispanorum

175 3456 293 3503 Rhenano
313 3453 440 3500 videbatur
458 3462 507 3499 tam
526 3451 610 3499 vitiata
628 3469 678 3499 esse
722 3434 1139 3516 animosaScipidneabalienaaaat.
1150 3453 1198 3501 En.

175 3534 261 3591 lectio,
273 3542 301 3578 ut
313 3547 338 3577 ea
355 3541 430 3578 totam
444 3529 585 3577 sententiam
600 3530 680 3594 perdi·
758 3529 1091 3594 2.Ipsosclaudendisportis
1098 3528 1238 3592 indicasse,-

176 3613 250 3660 disset
270 3627 276 3658 ε
300 3610 436 3673 dabatque,
455 3609 581 3672 increpitos
602 3609 679 3673 magis
721 3609 778 3657 vida
789 3609 1235 3671 ad1,53,u.3,etVlII,19‚n.7.

175 3707 250 3754 qaam
259 3701 285 3735 ut
294 3688 364 3736 aliter
371 3687 476 3736 saeritnm
477 3686 554 3752 foret,
564 3699 622 3744 tum,
632 3699 677 3735 etc.
722 3715 756 3724 -
763 3686 855 3750 Quippe
862 3703 917 3733 cum
923 3686 970 3734 illis
976 3686 1237 3750 Carthaginiensibus,

176 3770 223 3818 sed
237 3785 291 3815 enm
305 3779 369 3815 recte
378 3767 521 3830 impugnant
531 3768 640 3814 Gronov.
654 3778 678 3814 et
722 3766 813 3824 attis,
822 3767 1003 3831 Illiturgitanis.;
1013 3765 1070 3814 vida
1080 3766 1112 3815 ad
1119 3770 1176 3827 111,
1187 3784 1239 3829 72,

176 3847 249 3894 Dralr.
267 3850 354 3894 Sensus
370 3846 435 3908 vulg.
454 3845 541 3908 planus
558 3856 609 3901 est,
632 3861 677 3892 nec
721 3861 746 3892 n.
760 3847 782 3892 3.
800 3873 833 3881 —
849 3844 925 3893 Gravi
943 3846 1176 3903 decremento5vida
1203 3848 1239 3897 ad

175 3925 308 3988 quidquam
318 3924 344 3969 in
356 3940 385 3971 eo
396 3924 538 3987 impeditum
548 3923 677 3989 deprehan-
722 3925 792 3972 Praef.
804 3942 827 3971 n.
839 3931 878 3979 14.

175 4003 217 4049 das
226 4016 232 4048 :
241 4001 265 4048 hi
273 4002 359 4064 populi
368 4014 504 4050 meruerant
516 4019 626 4065 poenam,
635 4002 677 4050 sed
757 4004 781 4051 3.
796 4005 858 4068 Opp.
870 4003 981 4068 injurie,-
991 4001 1041 4051 vid.
1051 4002 1135 4064 1,54,
1144 4020 1172 4053 n.
1184 4012 1212 4061 6.
