2768 4574
163 324 233 408 264
585 327 625 392 T.
659 326 800 394 lell
1077 305 1144 409 ,⁶1:53
1159 320 1211 417 3233

163 446 331 544 temptim
347 445 525 545 impetum
540 434 723 535 fecerunt,
738 461 778 516 ut
796 444 898 518 facile
918 462 1126 544 appareret,
1142 449 1240 547 quid

164 560 313 654 utrique
332 558 427 654 parti
440 559 645 628 animorum
665 572 768 629 esset.
789 563 832 626 In
856 573 972 629 castra
990 558 1132 656 trepida
1149 551 1244 658 fuga

165 669 344 767 compulsi
363 669 504 764 equites
521 683 623 755 sunt,
638 668 812 765 signaque
825 692 976 738 romana
989 670 1101 765 portis
1117 694 1240 767 prope

165 781 251 878 ipsis
279 779 404 850 illata:
427 795 536 877 atque
562 780 624 850 illo
646 779 795 876 quidem
818 779 894 864 die,
920 781 1066 851 irritatis
1089 789 1241 852 tautum

164 889 210 963 ad
228 905 411 962 certamen
425 893 569 977 animis,
589 905 704 962 castra
720 892 875 962 Romani
892 907 1104 989 posuerunt.
1118 897 1243 966 Nocte

163 1000 366 1074 Hasdrubal
391 1004 429 1073 in
451 1002 632 1073 tumulum
659 1002 781 1100 copias
804 1003 953 1100 recipit,
972 1003 1083 1100 plano
1103 1027 1243 1100 campo

163 1114 201 1183 in
216 1137 359 1184 summo
372 1123 580 1211 patentem²
599 1139 606 1181 :
623 1110 755 1182 fluvius
769 1111 815 1182 ab
828 1127 951 1208 tergo;
967 1126 1051 1183 ante
1065 1113 1244 1209 circaque

162 1223 262 1293 velut
277 1223 355 1319 ripa
367 1247 526 1321 praeceps
540 1246 640 1293 oram
658 1223 737 1318 ejus
755 1246 903 1293 omnem
919 1221 1086 1320 cingebat
1105 1249 1112 1292 :
1134 1221 1244 1294 sube-

164 1347 221 1404 rat
239 1348 276 1404 et
294 1334 406 1405 altera
424 1332 573 1405 inferior
591 1331 768 1405 submissa
785 1331 927 1430 fastigio
945 1334 1111 1433 planities
1130 1361 1138 1402 :
1157 1359 1245 1405 eam

166 1469 316 1541 quoque
339 1445 450 1515 altera
472 1443 621 1541 crepido
638 1442 737 1515 haud
754 1442 893 1515 facilior
910 1445 949 1514 in
963 1468 1153 1516 ascensum
1167 1468 1246 1514 arn·

165 1554 280 1626 uthai.
299 1561 342 1626 In
361 1555 461 1628 hunc
484 1552 692 1626 inferiorem
712 1578 881 1653 campum
903 1569 1050 1652 postero
1069 1554 1129 1626 die
1147 1560 1245 1626 Has-

167 1664 316 1756 drubal,
334 1684 529 1765 postquam
546 1681 700 1738 stantem
712 1689 784 1762 pro
805 1667 930 1736 castris
948 1664 1108 1736 hostium
1122 1666 1245 1736 aciem

166 1777 273 1861 vidit,
289 1780 430 1873 equites
446 1777 613 1848 numidas
629 1777 838 1872 leviumque
855 1772 1064 1846 armorum3
1082 1775 1247 1847 Baliares

169 1901 206 1958 et
220 1885 326 1958 Afros
344 1888 498 1957 demisit.
518 1888 657 1983 Scipio,
677 1888 941 1958 circumvectus
960 1885 1106 1957 ordines
1126 1887 1249 1984 signa-

159 1995 260 2091 'que,
281 1994 516 2084 ostendebat,
534 1996 688 2078 hostem,
700 1996 965 2093 praedamnata
981 2021 1044 2094 spe
1061 2021 1172 2093 aeqno
1188 1999 1249 2068 dia

170 2106 333 2175 mirandi
361 2130 512 2202 campa,
540 2106 747 2204 captantem
775 2107 950 2193 tumulos,
980 2108 1050 2178 loci
1062 2108 1245 2203 fiducia,

170 2241 243 2286 non
262 2221 403 2286 virtutis
421 2241 692 2314 armorumque,
712 2232 808 2287 stare
827 2224 865 2286 in
883 2234 1083 2315 conspectu.
1104 2219 1181 2288 Sed
1195 2219 1252 2290 al-

171 2333 263 2397 tiora
291 2333 427 2396 maenia
450 2327 631 2397 habuisse
650 2327 923 2423 Carthaginem,
948 2351 1034 2425 qaae
1054 2343 1250 2398 transcen-

170 2437 282 2507 disset
303 2437 405 2508 miles
430 2463 603 2508 romanas
621 2464 631 2505 :
651 2463 716 2508 nec
744 2438 920 2524 tumulos,
943 2463 1009 2508 nec
1033 2445 1175 2525 amem,
1196 2465 1251 2509 ne

171 2573 273 2618 mare
290 2549 436 2645 quidem
454 2556 564 2619 armis
581 2549 756 2619 obstitisse
773 2555 858 2619 suis
878 2548 946 2621 Aa
961 2548 1095 2638 idfore
1115 2548 1248 2620 altitu·

170 2661 292 2748 dines,
310 2687 402 2758 qaas
418 2668 594 2758 cepissent
604 2660 739 2749 hostes,
756 2677 798 2731 ut
799 2685 874 2757 per
876 2665 1085 2757 proecz'pitia
1100 2675 1137 2728 et
1139 2684 1251 2756 prce·

170 2789 279 2870 rupta
294 2771 461 2842 salientes
471 2774 673 2868 fugerent:
690 2796 773 2841 eam
793 2795 940 2868 quoque
962 2794 1001 2839 se
1022 2768 1090 2839 illis
1100 2770 1251 2864 fugam

171 2883 415 2955 clauserant.
437 2883 689 2979 Cohortesque
715 2880 823 2969 duas,
848 2881 997 2952 alteram
1018 2894 1145 2950 tenere
1164 2877 1251 2950 fau·

171 3018 229 3066 ces
239 2993 357 3078 vallis,
372 3016 438 3087 per
451 3015 561 3087 quam
577 2990 779 3063 deferretur
788 2991 922 3078 amnis,
938 2987 1063 3085 jubet3
1078 2988 1252 3078 alteram,

172 3105 267 3173 viam
290 3099 465 3186 insidere,
485 3125 566 3197 quae
592 3102 638 3172 ab
663 3100 755 3174 urbe
779 3125 846 3199 per
869 3100 1001 3171 tumuli
1024 3097 1179 3195 obliqua
1205 3101 1252 3172 in

169 3292 266 3343 Baecula
274 3290 401 3355 Polybius.
409 3294 471 3337 -V
469 3291 535 3339 elites
546 3293 685 3360 antesigna·
729 3291 883 3357 supercilium
892 3287 1005 3354 dicitur),
1014 3301 1042 3338 ut
1048 3290 1115 3355 apud
1120 3290 1238 3343 Curt.VI
1243 3331 1256 3359 ‚

170 3373 245 3436 nique
253 3381 278 3417 et
285 3369 329 3433 qui
336 3370 414 3433 primi
422 3371 525 3436 agminis
532 3385 618 3431 erant5
629 3374 686 3422 vide
731 3375 748 3420 6
762 3372 826 3419 med.
841 3372 881 3421 cf.
893 3371 925 3418 ad
938 3372 963 3428 1,
978 3372 1024 3430 38,
1038 3386 1064 3420 u.
1074 3370 1102 3429 6,
1121 3381 1148 3419 ot
1157 3372 1254 3436 XXV,

172 3451 203 3502 ad
212 3455 250 3506 11,
266 3464 314 3510 20,
328 3466 353 3497 u.
364 3452 388 3499 3.
732 3452 781 3509 36,
802 3467 827 3497 u.
850 3458 874 3505 4.
893 3477 930 3486 -
947 3451 1034 3498 Altera
1055 3448 1172 3512 crepido,
1192 3452 1256 3519 ripn

205 3549 231 3580 α.
247 3534 278 3577 In
291 3531 374 3578 tamiri.
380 3565 389 3587 ,
400 3531 437 3594 pl,
448 3547 535 3596 campo
548 3531 604 3578 ins.
612 3542 683 3594 pat,
729 3545 840 3594 praeceps
851 3529 929 3577 fluvii

171 3605 290 3664 lainedo
308 3610 401 3674 τόπον,
422 3611 492 3679 ὀφρὺν
518 3606 685 3680 προΰεῧλημέ·
765 3610 790 3658 3.
809 3607 955 3671 leviumque
971 3623 1096 3655 armorum
1112 3607 1236 3658 Baliares
1242 3631 1257 3670 ,-

170 3711 220 3755 νον,
230 3691 364 3756 Polybu,
375 3693 421 3750 38,
431 3708 456 3737 n.
465 3693 488 3739 8.
500 3718 535 3726 -
545 3690 642 3738 Flavius
652 3691 684 3736 ab
728 3688 786 3736 vlde
796 3688 828 3736 ad
838 3690 933 3744 xxn,
952 3688 994 3747 37,
1012 3703 1038 3733 n.
1056 3701 1080 3732 a.
1094 3711 1128 3721 -
1139 3687 1257 3737 Praeda.

173 3785 252 3836 tergo,
267 3769 462 3832 antemnaque,
478 3769 595 3818 etcVide
612 3785 684 3834 supra
728 3779 815 3815 mnata
824 3783 866 3831 spe
876 3767 979 3815 feliciter
989 3766 1016 3812 in
1024 3781 1095 3828 oeqno
1107 3763 1261 3818 dimicandi

171 3851 203 3899 ad
216 3852 317 3910 xxvl,
333 3858 420 3906 42,n,
430 3849 454 3895 6.
474 3849 631 3906 -Snberat‚
650 3849 685 3895 vi·
729 3852 829 3912 campo,
849 3847 900 3908 jam
925 3857 997 3905 ante,
1020 3860 1094 3909 quam
1111 3843 1190 3906 hujus
1214 3849 1259 3898 rei

171 3932 240 3991 cIna,
250 3946 329 3995 prope
340 3940 391 3977 erat
406 3927 487 3992 (conf.
502 3928 533 3974 ad
546 3930 604 3977 Tac.
616 3929 683 3976 Anu.
728 3927 864 3992 periculum
877 3925 958 3985 fieret,
967 3925 1076 3986 abiecta3
1088 3925 1170 3974 Doer.

171 4013 222 4068 III,
236 4010 268 4067 6,
280 4026 304 4057 n.
318 4005 360 4070 9),
376 4008 496 4054 etaltera
513 4008 630 4054 submissa
636 4005 683 4071 fa·
765 4015 788 4062 4.
806 4008 836 4052 Se
851 4005 898 4052 illis
908 4004 1000 4070 fugam
1016 4005 1174 4063 clausurum,-
1190 4007 1258 4057 vide

170 4089 242 4155 stigio
247 4085 364 4152 planities
375 4085 453 4153 (quod
462 4099 516 4136 not.
531 4087 546 4134 t
553 4120 560 4147 ,
575 4086 683 4154 infimum
727 4085 758 4133 ad
770 4088 803 4147 V,
818 4087 866 4144 28,
888 4101 913 4132 n.
926 4091 951 4140 4.
1243 4096 1248 4102 ·
