2768 4574
1105 282 1130 323 Δ.
1143 281 1168 322 G.
1182 296 1232 336 rep.

188 305 257 391 248
604 305 649 370 -.T.
682 301 820 371 LIVII
1105 341 1131 384 u.
1144 343 1232 393 essu.

189 426 304 498 scivit.
321 430 472 497 Senatus
485 421 701 496 lectionem8
717 424 904 494 contentio
918 424 1014 494 inter
1028 447 1196 497 censores
1211 427 1259 513 de

187 537 355 634 principe
373 534 528 633 legendo
547 535 674 606 tenuit.
696 535 902 631 Sempronii
923 534 1030 604 lectio
1050 547 1148 607 erat⁹
1164 565 1172 607 :
1189 561 1258 608 cae·

188 660 309 716 terum
329 646 518 716 Cornelius
535 670 673 715 morem
691 645 863 714 traditum
881 645 1081 742 apatribus
1100 672 1259 745 sequen-

190 755 278 825 reim
301 752 441 842 aiebat;
463 771 518 840 ut,
542 761 608 851 qui
618 760 763 851 primus
780 780 906 824 censor
925 780 973 826 ex
993 762 1052 844 iis,
1072 763 1140 853 qui
1155 765 1260 828 vire-

187 881 284 953 rent,
295 869 450 956 fuisset,
472 891 554 935 eum
564 871 770 962 principem
790 864 973 961 legerent:
997 866 1027 937 is
1045 871 1084 936 T.
1099 867 1260 956 Manlius

187 979 395 1072 Torquatus
415 991 501 1047 erat.
522 978 778 1074 Sempronius,
807 983 868 1047 cui
888 977 943 1047 dii
958 993 1090 1048 sortem
1113 976 1264 1074 legendi

185 1085 384 1181 dedissent,
406 1093 443 1156 ei
454 1089 521 1181 jus
543 1086 695 1156 liberum
713 1085 856 1156 eosdem
876 1086 1017 1157 dedisse
1039 1087 1135 1157 deos.
1157 1090 1205 1157 Se
1220 1088 1265 1156 id

184 1221 250 1266 suo
264 1197 416 1278 arbitrio
418 1199 611 1287 facturum
615 1251 625 1283 ,
641 1195 886 1294 lecturumque
902 1201 946 1289 Q.
959 1197 1119 1266 Fabium
1132 1201 1261 1266 Maxi·

185 1332 306 1394 mum,
322 1331 430 1405 quem
447 1323 524 1377 tum
532 1311 739 1403 principem
751 1332 918 1377 romanoe
931 1312 1081 1377 civitatis
1094 1329 1186 1393 esse,
1196 1303 1267 1409 vel

185 1417 399 1488 Hannibale
408 1416 552 1513 judice,
574 1423 735 1488 uicturus
756 1430 890 1487 esset¹⁰.
909 1419 1032 1508 Quum
1055 1414 1119 1485 diu
1138 1427 1261 1485 certa·

186 1542 265 1599 tum
289 1528 409 1600 verbis
427 1542 539 1616 esset,
556 1528 779 1600 concedente
797 1526 952 1624 collega,
980 1525 1095 1596 lectus
1113 1549 1134 1594 a
1154 1527 1263 1594 Sem·

182 1640 317 1735 pronio
330 1639 501 1737 princeps
515 1641 553 1708 in
568 1653 696 1709 senatu
710 1635 898 1727 Q.Fabius
912 1636 1090 1706 Maximus
1104 1634 1237 1706 consul
1251 1661 1261 1702 :

183 1747 268 1819 inde
283 1749 373 1820 alius
385 1751 500 1822 lectus
515 1764 660 1820 senatus
672 1759 700 1790 ¹¹
713 1802 723 1836 ,
738 1761 822 1818 octo
832 1747 1039 1844 praeteritis,
1053 1744 1149 1815 inter
1161 1769 1263 1841 quos

181 1859 223 1926 L.
243 1858 405 1929 Caecilius
424 1858 593 1929 Metellus
618 1871 716 1945 erat,
736 1853 879 1926 infamis
899 1871 1026 1926 auctor
1049 1853 1264 1926 deserendae

183 1966 293 2038 Italiae
308 1981 391 2064 post
405 1991 623 2038 cannensem
638 1965 787 2037 cladem.
804 1972 847 2037 In
862 1963 1091 2063 equestribus
1106 1989 1265 2063 quoque

219 2149 243 2196 8.
253 2150 355 2196 Senatus
368 2148 493 2197 lectionem
506 2145 582 2213 (conf.
592 2151 694 2206 XXIII,
738 2159 835 2196 senatus
844 2158 910 2196 sorte
922 2147 1051 2212 obtigerat.
1058 2173 1094 2184 -
1103 2148 1133 2195 T.
1143 2137 1264 2197 Manlius

183 2227 227 2282 23,
240 2227 305 2274 etad
316 2230 418 2288 XXIII,
429 2244 476 2287 aa,
494 2245 519 2277 n.
534 2227 559 2292 r)
573 2227 693 2275 contentio
742 2229 892 2291 Torquatus,
906 2242 995 2275 censor
1007 2242 1030 2274 a.
1048 2226 1077 2275 tt.
1088 2225 1147 2288 519.

183 2305 214 2352 de
230 2306 343 2371 principe
363 2318 460 2355 senatus
481 2307 581 2371 legendo
603 2307 694 2365 tenuit,·
778 2321 816 2352 10.
831 2306 877 2353 Vel
886 2304 1027 2353 Hannibale
1033 2303 1132 2369 judice,
1144 2302 1266 2354 victurus

182 2399 207 2430 r.
219 2383 250 2430 ad
264 2387 290 2431 II
298 2421 305 2443 ‚
320 2385 367 2444 63,
383 2403 409 2433 ιι.
426 2386 449 2433 3.
470 2386 585 2449 Princeps
597 2397 695 2433 senatus
739 2395 812 2441 esset;
824 2383 858 2431 ita
870 2385 926 2432 Put.
942 2384 1009 2430 Flor.
1023 2383 1094 2432 Cant.
1108 2392 1133 2430 et
1150 2384 1266 2432 Hearnii

183 2463 284 2527 proprie
294 2462 422 2512 dicebatur
431 2465 466 2523 is,
479 2481 552 2528 quem
561 2481 647 2513 censor
657 2481 695 2511 se·
740 2470 790 2518 duo
807 2473 879 2520 Mss,
900 2470 952 2518 Alii
973 2469 1102 2518 dicturus:
1122 2469 1169 2517 sed
1191 2471 1266 2520 Gud.

183 2553 268 2589 natum
282 2559 410 2591 recensens
423 2556 464 2592 aut
478 2545 582 2593 recitans
596 2541 638 2607 (ut
651 2544 695 2591 tib.
740 2549 862 2597 dicturum
882 2566 932 2597 esse
946 2567 956 2598 .·
973 2549 1040 2598 unde
1060 2549 1109 2613 leg.
1129 2548 1267 2598 victurum

183 2621 287 2680 XXIX,
301 2622 332 2682 37
346 2639 385 2687 pr.
399 2623 424 2672 h.
437 2640 458 2671 e.
471 2624 572 2671 nomina
583 2626 694 2683 Petrum,

97 2750 100 2755 ,
182 2699 209 2747 in
223 2701 311 2748 tabulis
322 2703 428 2767 scripta,
440 2704 478 2750 vel
488 2720 519 2750 ex
532 2703 589 2750 albo
602 2713 697 2750 senato·

183 2795 250 2838 rum,
260 2781 379 2846 recitans)
390 2782 493 2829 honoris
506 2798 577 2829 causa
589 2781 696 2847 primum

177 2858 292 2923 degebat,
301 2861 418 2923 cujusque
427 2877 518 2908 nornen
526 2861 632 2925 primum
640 2878 695 2925 per·

183 2937 305 2986 scribebat
316 2939 419 2986 innovo
430 2940 488 2987 albo
499 2940 634 2998 senatorio;
643 2940 694 2988 vid.

183 3018 239 3066 vat.
249 3029 274 3066 et
285 3018 422 3082 Schweigh.
431 3019 463 3065 ad
478 3019 568 3083 Polyb.
578 3020 696 3079 XXXII,

184 3112 233 3154 aa,
253 3112 278 3143 n.
297 3096 321 3142 5.
350 3098 435 3159 Ipsum
456 3087 582 3144 censorem
604 3097 695 3145 lectum

182 3174 322 3238 principem
341 3186 453 3231 senatus,
474 3185 498 3222 et
518 3175 595 3222 trihus
612 3176 696 3224 lustrIs

185 3251 326 3315 Scipionem
337 3252 492 3311 AfrIcanum,
502 3252 639 3301 invenimus
649 3255 694 3302 lib.

184 3331 308 3389 xxm,
322 3337 369 3389 tu
384 3332 512 3391 xxxrx,
525 3333 641 3394 52;XL,
653 3335 694 3384 51.

739 2645 790 2676 esse
795 2647 806 2686 ;
825 2631 935 2677 Gronov.
951 2629 1054 2676 Vincere
1069 2638 1106 2675 est
1126 2627 1268 2678 evidenter

740 2707 884 2765 ostendere,
896 2708 1021 2766 evincere3
1032 2718 1058 2755 et
1070 2704 1209 2766 injudicio
1222 2708 1267 2756 di-

740 2787 804 2834 citur
816 2787 847 2834 de
856 2804 901 2846 eo,
919 2788 962 2851 qui
974 2786 1067 2851 aliquid
1082 2785 1117 2832 ita
1132 2787 1268 2849 ostendit,

740 2877 769 2912 nt
779 2866 869 2928 probet
876 2865 1002 2926 judicibus
1012 2876 1037 2914 et
1048 2863 1170 2913 obtineat.
1183 2866 1265 2916 Conf.

740 2943 818 2990 Gron.
832 2945 900 2994 adh.
911 2945 932 2994 1.
942 2955 967 2992 et
975 2945 1051 2992 Drak.
1059 2943 1092 2991 ad
1100 2945 1139 3001 11,
1154 2952 1185 3005 4,
1197 2962 1226 2993 n.
1237 2947 1267 2996 3.

738 3049 774 3058 -
787 3022 928 3070 Hannibale
937 3023 1033 3088 judice.
1052 3024 1092 3072 ste
1109 3024 1203 3088 sepius
1217 3025 1268 3074 bo-
1338 3008 1341 3021 Ι

739 3101 783 3148 stis
793 3102 835 3150 vel
844 3102 977 3150 adversarii
986 3103 1107 3164 judIcium
1115 3102 1267 3165 invocetur,

740 3191 769 3226 ut
785 3180 859 3228 dictis
875 3183 953 3242 maj0r
963 3183 1046 3230 veniat
1059 3181 1204 3235 auctoritas.
1222 3184 1266 3233 Cf.

739 3258 771 3305 ad
782 3259 932 3323 Virgilium,
947 3261 1032 3325 Eclog.
1048 3262 1099 3321 lv,
1113 3276 1151 3309 vs.
1167 3261 1201 3309 58
1222 3279 1266 3328 sq.

739 3363 775 3372 --
786 3337 902 3402 Princeps
915 3338 940 3384 in
952 3349 1039 3386 senatu
1050 3355 1097 3404 pro
1102 3357 1131 3403 p.
1142 3351 1264 3399 senatus,

184 3408 277 3456 Dukeri
286 3419 412 3458 notaest:
427 3412 587 3459 «Lectionem
598 3424 695 3460 senatus
740 3426 768 3463 ut
783 3417 936 3475 XXXVIII,
950 3419 983 3464 28
996 3453 1003 3477 ,
1015 3434 1041 3466 n.
1056 3433 1081 3477 13
1095 3418 1142 3482 Ep.
1156 3420 1266 3481 XLIII,

184 3488 310 3551 utriusque
319 3489 426 3553 censoris
439 3490 526 3549 firiase,
538 3508 610 3539 nemo
624 3492 696 3539 dubi·
741 3504 765 3541 et
777 3495 844 3558 apud
857 3496 956 3544 Sallust.
968 3497 1083 3561 Iugurth.
1097 3496 1145 3555 25,
1161 3498 1190 3545 in
1204 3500 1266 3562 qui-

184 3577 236 3624 tat;
253 3568 373 3632 principis
387 3581 484 3617 senatus
500 3572 573 3618 unius
589 3583 696 3628 tantum,
740 3573 843 3621 busdam
854 3574 933 3622 libris.

184 3648 224 3694 cui
236 3647 264 3693 id
277 3658 343 3694 sorte
360 3648 493 3712 obtigerat,
512 3666 632 3712 nusquam
648 3661 696 3698 tam
779 3668 819 3699 11.
830 3653 901 3700 Alius
915 3655 989 3702 lectus
1003 3665 1113 3711 senatus,
1128 3656 1215 3704 ceteri
1225 3673 1265 3706 sc·

184 3737 282 3790 aperte,
302 3737 330 3774 nt
350 3727 406 3783 hic,
428 3727 554 3791 proditum
578 3738 622 3775 est.
649 3729 697 3776 Sed
741 3742 837 3779 natorea
849 3731 987 3793 lecti,octo
993 3732 1139 3796 preteritis,
1152 3750 1264 3784 exsena-

185 3816 303 3870 praeterea
324 3805 476 3868 probabilius
500 3807 646 3870 argumentis
666 3825 698 3855 ex
742 3821 770 3858 tn
786 3811 885 3870 ejectis,
899 3811 1000 3875 proprie
1014 3810 1159 3860 nominibus
1171 3828 1265 3864 eortina

187 3884 241 3930 aliis
258 3883 319 3930 locis
334 3883 398 3930 Livii
416 3885 544 3934 confirmat
557 3888 652 3936 Manut.
667 3887 698 3934 de
742 3889 838 3936 omissis
851 3906 864 3936 a
879 3905 980 3937 censore
1000 3901 1110 3938 senatum
1121 3891 1263 3955 recitante,

189 3964 245 4010 Seu.
257 3964 329 4008 Rom.
341 3978 395 4027 cap.
408 3981 452 4011 a.»
741 3984 786 4015 sen
799 3969 904 4032 legente.
925 3969 998 4017 conf.
1016 3969 1049 4017 ad
1064 3971 1191 4032 XXXIV,
1209 3981 1262 4033 443

224 4058 248 4104 9.
265 4042 400 4106 Sempronii
413 4045 483 4093 lectio
500 4057 565 4103 erat,
586 4045 608 4093 ei
624 4045 698 4093 lectio
741 4048 883 4096 XXXVIII
888 4050 985 4109 ,283et
992 4050 1046 4109 XL,
1057 4048 1073 4097 5
1077 4064 1101 4111 t,
1109 4048 1155 4100 ubi
1164 4066 1190 4100 v.
1200 4062 1229 4103 n.
1238 4067 1264 4100 r.
