2768 4574
190 315 255 385 128
420 356 425 369 .
605 315 643 379 r.
676 316 818 382 tivit
1099 290 1164 393 ,3:23
1178 307 1225 402 321:

184 437 411 533 frequentem
430 434 468 502 in
491 430 569 502 loro
587 434 788 521 contineri,
810 436 839 503 si
861 434 948 530 quid
968 435 1005 503 in
1029 450 1099 504 tam
1123 433 1256 506 subitis

184 546 293 619 rebus
306 543 474 616 consulto
487 569 579 641 opus
592 558 695 614 esset.
706 549 805 615 Inter
816 544 891 615 haec
903 545 1081 617 Hannibal
1094 545 1138 614 ad
1150 548 1256 617 Anie-

186 654 451 739 nemlluvium,
464 654 530 723 tria
544 653 654 722 millia
668 678 836 750 passuum
853 654 897 724 ab
913 654 1047 743 Urbe²,
1063 670 1175 725 castra
1191 655 1254 725 ad·

185 766 309 836 movit.
327 763 383 835 Ibi
407 763 539 834 stativis
559 765 703 860 positis,
727 766 803 861 ipse
825 790 907 836 cum
927 764 1070 836 duobus
1088 765 1255 838 millibus

186 877 348 972 equitum
367 899 387 944 a
404 888 508 971 porta
524 871 687 944 Collina3
701 900 817 970 usque
837 873 880 943 ad
897 875 1058 945 Herculis
1073 866 1255 973 templum

187 1001 240 1057 est
260 1009 488 1083 progressus3
508 999 634 1080 atque,
652 985 748 1056 unde
764 987 927 1082 proxime
942 1001 1102 1082 poterat,
1117 988 1256 1058 moenia

185 1099 368 1193 situmque
386 1094 495 1165 Urbis
518 1093 737 1190 obequitans
755 1095 1078 1191 contemplabatur.
1102 1096 1142 1165 Id
1165 1120 1254 1166 eum

184 1223 258 1278 tam
278 1207 428 1277 licenter
444 1220 553 1302 atque
573 1207 687 1276 otiose
704 1203 836 1292 facere,
855 1207 980 1276 Flacco
995 1205 1183 1302 indiguum
1198 1206 1255 1276 vi-

186 1345 266 1391 sum
281 1334 344 1390 est.
364 1322 492 1414 Itaque
511 1317 657 1387 immisit
675 1317 830 1412 equites,
849 1315 1128 1413 submoverique
1142 1332 1256 1413 atque
1282 1380 1286 1385 .

184 1432 223 1498 in
236 1443 351 1499 castra
364 1425 478 1522 redigi
494 1426 653 1496 hostium
671 1427 872 1522 equitatum
886 1428 1002 1521 jussit.
1017 1431 1140 1516 Quum
1155 1452 1256 1498 com-

185 1542 333 1609 missum
355 1537 517 1634 prmlium
540 1551 649 1621 esset,
672 1536 837 1607 consules
859 1535 1058 1634 transfugas
1078 1537 1257 1609 Numida-

186 1652 301 1735 ruml,
317 1650 381 1745 qui
396 1664 473 1717 tum
487 1651 526 1719 in
538 1649 717 1718 Aventino
730 1647 776 1716 ad
787 1647 886 1716 mille
901 1661 936 1717 et
950 1648 1125 1718 ducentos
1138 1663 1257 1738 erant,

186 1760 304 1831 media
319 1758 417 1844 Urbe
434 1759 584 1826 transire
597 1757 773 1852 Esquilias
784 1757 990 1849 jusserunt3
1008 1757 1129 1828 nullos
1140 1762 1258 1856 aptio-

186 1896 259 1956 res,
271 1872 366 1938 ioter
380 1866 561 1937 convalles
579 1879 745 1960 tectaque
762 1865 951 1935 hortorum
968 1881 1004 1936 et
1018 1866 1260 1963 sepulcraaut

187 2005 288 2051 cavas
305 1977 470 2073 undique
488 1977 580 2062 vias,
595 1974 638 2044 ad
656 1977 890 2073 pugnandum
905 1974 1047 2046 futuros
1059 1978 1136 2046 rati.
1151 1981 1260 2070 Quos

187 2114 301 2186 quum
323 2112 367 2157 ex
388 2110 468 2155 arce
487 2082 769 2182 Capitolioque⁵
790 2086 883 2157 clivo
905 2086 1064 2158 Publicio
1088 2090 1126 2158 in
1149 2093 1261 2186 equis

188 2199 421 2270 decurrentes
431 2194 578 2291 quidam
589 2195 772 2284 vidissent,
786 2211 930 2293 captum
943 2199 1161 2268 Aventinum
1173 2223 1263 2270 con·
1335 2211 1338 2215 '

224 2399 307 2482 Md
319 2433 436 2480 Anienem
439 2432 473 2499 ss.
491 2433 539 2479 tria
553 2432 630 2479 millia
638 2449 699 2496 pas-
744 2432 768 2480 b.
785 2435 867 2482 Hann.
881 2442 922 2491 40,
932 2434 1012 2481 hastas
1025 2450 1098 2490 vero,
1119 2435 1162 2482 sed
1176 2436 1209 2484 ab
1229 2455 1264 2487 eo

187 2532 257 2562 sumn
278 2514 309 2560 ab
334 2514 395 2561 Urbe
412 2513 468 2559 :ita
487 2524 511 2559 et
527 2511 592 2560 Flor.
606 2515 645 2569 ΙΙ,
668 2511 696 2569 6,
744 2514 808 2571 solo,
832 2513 894 2560 intra
916 2530 998 2560 muros
1018 2516 1069 2575 ejus
1086 2515 1170 2562 missas
1189 2517 1262 2566 Plin.

189 2603 236 2652 44,
256 2594 302 2651 56,
316 2609 345 2641 ac
356 2594 448 2639 Plinius
462 2593 521 2650 XV,
536 2592 579 2649 18,
599 2607 640 2636 seu
653 2606 698 2648 ao,
743 2595 866 2651 XXXIV,
881 2593 909 2650 6,
926 2611 944 2639 s.
959 2594 989 2640 15

188 2673 231 2721 sed
250 2675 294 2719 XL
308 2673 384 2719 stadia
398 2683 440 2718 aut
455 2672 521 2718 5000
534 2687 597 2733 pass.
609 2669 698 2733 Polyb.
780 2680 805 2726 4.
823 2671 970 2736 Transjugas
989 2672 1166 2730 numidarum,
1190 2685 1265 2737 etc.;

187 2756 239 2809 IX,
253 2752 280 2811 5,
294 2763 318 2799 et
331 2763 434 2814 quatuor
446 2750 505 2796 mill.
517 2765 579 2813 pass.
591 2749 698 2812 Appian.
744 2752 829 2797 confer
843 2752 943 2807 XXIII,
957 2753 998 2805 46.

187 2833 212 2880 b.
224 2834 304 2878 llamr.
318 2833 363 2888 38,
378 2841 401 2876 et
414 2831 516 2892 Eutrop.
780 2831 803 2876 5.
815 2832 892 2891 Quum
904 2846 935 2876 ex
946 2847 1002 2876 arce
1013 2832 1182 2895 Capitolioque
1189 2833 1266 2898 (vide

225 2913 248 2957 3.
260 2912 283 2956 A
294 2920 367 2972 porta
382 2909 450 2964 Coit,
469 2909 495 2954 in
506 2907 590 2970 quinta
601 2905 699 2968 regione
744 2909 775 2955 ad
786 2911 810 2965 Ι,
823 2910 869 2967 55,
879 2926 903 2956 n.
916 2911 947 2966 6,
962 2922 985 2957 et
995 2912 1027 2968 V,
1039 2908 1127 2974 t7pr.)
1137 2911 1264 2974 quidam,

160 3000 162 3009 '
187 2991 260 3038 Urbis
269 2991 338 3048 juxta
351 2987 501 3050 Quirinalem
516 2997 540 3032 et
551 2985 699 3032 viminalem
743 2988 779 3034 ibi
793 2999 896 3045 stantes,
910 2988 1029 3035 vidissent
1042 3005 1084 3035 eos
1096 2989 1120 3035 iu
1135 2991 1205 3054 equis
1218 2993 1266 3040 de-

188 3070 259 3116 collet
266 3104 274 3125 ,
290 3067 391 3131 planitie
402 3066 437 3112 ibi
447 3076 538 3128 aequata
553 3065 699 3124 conjunctos
743 3080 863 3114 currentes
883 3068 942 3114 cliro
957 3069 1079 3124 Publicio,
1093 3083 1119 3115 ut
1131 3086 1162 3115 ex
1172 3074 1266 3119 Aven-

188 3164 263 3212 usque
272 3147 309 3193 ad
316 3144 426 3192 Herculis
440 3155 463 3191 et
471 3143 579 3189 Honoris
587 3143 699 3203 templum
744 3145 797 3192 tino
807 3157 892 3192 monte
906 3148 1036 3195 transirent
1048 3148 1186 3210 Esquilias:
1201 3167 1267 3202 nam

188 3239 257 3274 extra
272 3242 380 3281 murum,
394 3234 479 3270 contra
493 3223 558 3268 illam
577 3223 699 3284 regionem
744 3225 821 3271 clivus
840 3225 965 3272 Publicius
984 3238 1019 3273 est
1038 3228 1063 3272 in
1078 3229 1141 3273 XIII
1156 3231 1267 3292 regione

188 3318 213 3353 et
221 3322 299 3369 prope
307 3307 406 3351 Sacrum
413 3313 534 3359 montem,
542 3313 698 3349 exstructum.
744 3305 817 3350 Urbis
830 3305 861 3350 ad
874 3305 990 3351 orientale
1000 3306 1062 3353 latus
1072 3308 1163 3355 montis
1175 3311 1269 3360 Aven-

189 3386 280 3433 Confer
293 3384 324 3429 ad
338 3381 486 3446 Epit.huJus
499 3381 554 3426 libri
566 3397 590 3426 n.
607 3397 632 3441 ¹3
648 3381 699 3428 Cic.
744 3383 802 3440 tini,
824 3385 866 3446 qui
876 3401 920 3448 per
932 3399 987 3429 eum
1005 3385 1143 3432 ascenditur
1159 3386 1267 3439 descen·

189 3466 246 3526 Leg.
268 3465 304 3519 ΙΙ,
328 3464 373 3517 23,
389 3472 413 3508 et
430 3459 561 3507 Plin.loco
578 3459 643 3506 laud.
658 3459 702 3506 Ad
744 3461 1264 3529 diturque.Puamcruscnrvosappellatur,

184 3553 284 3606 portam
298 3540 416 3588 Collinam
426 3540 464 3586 cd.
478 3538 535 3586 Ald.
550 3550 574 3585 ct
587 3539 639 3585 aliae
649 3555 701 3602 per·
745 3557 814 3603 quem
834 3541 882 3586 duo
890 3541 985 3605 fratres
1005 3545 1032 3588 L.
1056 3557 1080 3590 et
1098 3545 1132 3590 M.
1152 3548 1269 3599 Publicii

188 3639 283 3685 peram,
306 3621 370 3667 unde
393 3620 505 3683 quidam,
524 3637 548 3665 v.
569 3636 590 3665 c.
608 3621 698 3664 Donat.
747 3619 855 3665 Malleoli
863 3620 957 3682 (confer
970 3621 1000 3666 ad
1010 3623 1067 3668 Tae.
1078 3623 1145 3669 Anu.
1157 3626 1196 3684 Il,
1212 3636 1267 3690 49,

187 3703 259 3747 Rom.
269 3712 317 3747 vet.
323 3702 367 3757 tv,
380 3707 409 3756 4,
420 3710 444 3744 et
452 3696 556 3745 Nardin.
566 3699 638 3744 Rom.
649 3709 698 3743 ant.
744 3715 768 3744 n.
782 3698 807 3761 a)
817 3698 898 3745 oediles
908 3701 1001 3745 curules
1009 3701 1129 3763 peratoriis
1143 3692 1267 3755 condent.

189 3781 239 3835 ΙΙΙ,
257 3781 301 3834 15,
316 3789 445 3842 putarunt,
461 3775 576 3838 templum
589 3776 700 3824 Herculis
745 3777 810 3824 natis
820 3778 971 3840 expecrmia,
985 3795 1058 3842 quam
1068 3794 1196 3842 ceperant,
1211 3803 1268 3834 mu.

189 3869 256 3904 extra
276 3869 372 3921 portam
392 3856 513 3904 Collinam
529 3856 610 3902 fuisse.
624 3856 700 3902 Caete-
745 3856 853 3912 aierunt,
875 3868 901 3902 nt
923 3857 946 3902 in
969 3857 1113 3903 Aventimun
1136 3861 1267 3915 vehiculis

188 3952 243 3982 rum
264 3948 340 3982 noctu
358 3935 519 3982 Hannibalem
544 3949 599 3980 cum
623 3934 701 3980 tribus
748 3935 816 3981 Velia
829 3934 910 3980 veniri
926 3947 1008 3998 posset
1015 3955 1025 3991 ;
1052 3939 1143 3986 Festus,
1165 3941 1268 3992 Confer

190 4015 264 4061 modo
274 4014 467 4078 speculatoribus
477 4015 549 4060 situm
557 4013 629 4060 Urbis
639 4013 701 4059 clam
745 4016 861 4070 XXVII,
883 4016 913 4073 37
930 4027 991 4063 extr.
1009 4018 1100 4074 XXX,
1116 4020 1166 4077 263
1181 4022 1266 4075 Osiri.

190 4094 381 4158 contemplatum
396 4109 460 4150 esse,
483 4091 557 4140 tradit
574 4094 701 4156 Appianas
745 4095 808 4141 Fast.
820 4095 852 4148 V,
870 4094 921 4140 285
932 4110 982 4155 seq.
993 4095 1063 4142 Varr.
1073 4097 1100 4142 t..
1113 4099 1139 4143 t.
1150 4100 1198 4158 tv,
1214 4104 1251 4151 32
1259 4141 1267 4163 ‚
