2782 4568
206 255 325 392 bittit
371 306 523 373 arnna
552 307 715 373 xxvu.
744 307 847 374 car.
874 309 1053 375 xxxiv.
1167 311 1235 403 297

176 426 257 497 dins
276 431 383 498 Nero.
409 427 450 496 Ei
473 425 609 524 collega
631 425 876 522 quaerebatur,
898 441 934 498 et
951 429 1069 498 virum
1088 428 1237 525 quidem

177 561 260 606 eum
277 539 458 634 egregium
473 535 670 623 ducebant,
688 536 750 607 sed
767 539 1030 635 promptiorem
1045 540 1237 610 acriorem·

178 670 267 741 que,
282 671 390 743 quarn
406 661 571 746 tempora
583 645 670 742 belli
686 647 929 744 postularent,
944 662 1007 718 ant
1017 647 1130 718 hostis
1144 657 1239 722 Han·

175 755 273 825 nibal
288 784 295 824 :
311 757 588 852 temperandum
603 781 683 827 acre
698 756 774 851 ejus
793 758 981 854 ingenium
995 757 1183 829 moderato
1201 774 1238 830 et

175 866 346 962 prudenti
366 867 444 938 viro
471 867 642 962 adjuncto
663 867 799 963 collega
821 867 1028 939 censebant.
1049 873 1097 939 Μ.
1117 870 1237 961 Livius

175 989 285 1064 erat¹,
304 978 426 1047 multis
447 993 530 1048 ante
554 979 656 1049 annis
677 1004 722 1048 ex
742 979 932 1049 consulatu
954 978 1082 1076 populi
1098 977 1236 1071 judicio

176 1084 391 1156 damnatus:
413 1111 522 1183 quam
546 1089 781 1184 ignominiam
802 1088 892 1159 adeo
911 1114 1001 1185 aegre
1021 1088 1175 1176 tulerat,
1196 1102 1237 1166 ut

176 1211 210 1265 et
228 1223 291 1266 rus
309 1199 493 1293 migraret,
509 1213 545 1268 et
561 1223 626 1295 per
641 1199 777 1269 multos
793 1223 908 1268 annos
923 1214 958 1269 et
971 1197 1069 1269 Urbe
1087 1212 1124 1270 et
1138 1199 1239 1271 omni

175 1322 271 1376 coetu
290 1322 426 1378 careret
441 1307 639 1378 hominurn.
657 1313 794 1378 Octavo
813 1306 925 1378 ferme
944 1324 1026 1405 post
1040 1308 1237 1378 damnatio-

175 1441 258 1487 nem
276 1442 372 1488 anno
397 1423 444 1488 M.
463 1418 632 1489 Claudius
650 1418 841 1489 Marcellus
860 1433 896 1489 et
918 1424 966 1490 Μ.
983 1419 1147 1490 Valerius
1163 1407 1239 1490 Lae·

111 1524 115 1533 ’
174 1526 278 1596 vinus
296 1527 461 1598 consules
481 1527 701 1599 reduxerant
729 1553 812 1600 eum
835 1529 873 1598 in
892 1529 1054 1601 Urbem:
1076 1529 1139 1600 sed
1162 1544 1238 1600 erat

173 1650 269 1706 veste
288 1636 449 1708 obsoleta
473 1638 676 1735 capilloque
701 1653 736 1709 et
752 1638 863 1709 barba
883 1641 1093 1737 promissa²,
1110 1638 1236 1738 praefe-

171 1769 256 1817 rens
272 1749 310 1818 in
322 1749 426 1818 vultu
442 1747 642 1844 habituque
661 1750 838 1845 insignem
854 1751 1065 1819 memoriam
1080 1749 1236 1854 ¹ignomi-

172 1857 240 1926 niae
261 1873 425 1955 acceptae.
446 1863 485 1928 L.
501 1859 670 1927 Veturius
687 1873 723 1929 et
736 1863 772 1929 P.
790 1860 949 1929 Licinius
964 1883 1132 1929 censores
1154 1883 1239 1930 eum

173 1966 328 2053 tonderi,
343 1982 378 2037 et
390 1967 595 2064 squalorem
610 1968 806 2066 deponere,
818 1984 851 2039 et
866 1970 902 2039 in
919 1984 1083 2040 senatum
1100 1971 1236 2054 venire,

174 2074 348 2174 fungique
363 2078 438 2150 aliis
453 2077 606 2176 publicis
619 2078 835 2150 muneribus
847 2095 1056 2175 coegerunt.
1074 2070 1236 2150 sedtum

174 2213 321 2284 quoque
342 2203 403 2259 ant
421 2190 533 2260 verbo
552 2189 832 2278 assentiebatur,
850 2204 912 2260 aut
927 2188 1082 2286 pedibus
1101 2192 1139 2260 in
1158 2215 1237 2262 scn-

171 2300 319 2369 tentiam
328 2297 437 2383 ibat3,
451 2300 719 2395 doneccognati
731 2299 891 2370 hominis
901 2325 984 2370 eum
996 2324 1113 2388 causa,
1122 2304 1171 2369 M.
1181 2300 1242 2370 Li-·

117 2424 118 2429 ’
168 2409 216 2477 vii
230 2411 376 2497 Macati,
395 2435 510 2506 quum
528 2407 622 2480 fama
641 2410 719 2504 ejus
735 2425 919 2506 ageretur,
945 2424 1101 2481 stantem
1117 2411 1240 2506 coegit·

202 2627 261 2674 Car.
280 2630 402 2677 XXXIV.
423 2645 445 2676 1.
467 2632 501 2676 M.
519 2630 599 2677 Livius
621 2641 676 2677 erat
720 2631 861 2678 censoribus
870 2631 896 2677 in
904 2640 1014 2677 senatum
1022 2630 1104 2676 venire
1112 2640 1233 2687 eoactum,

167 2705 221 2752 talis
229 2705 285 2754 vir..
293 2741 298 2752 .
307 2723 339 2753 ex
345 2709 471 2755 consulatu
478 2709 617 2765 damnatus,
629 2719 673 2756 etc¹
719 2720 745 2756 ut
756 2709 839 2755 animo
848 2709 1080 2772 quomodocumque
1090 2723 1182 2754 morem
1192 2722 1232 2770 ge-

167 2783 223 2831 vide
235 2784 266 2830 ad
275 2787 320 2842 IV,
337 2787 379 2844 31,
394 2803 419 2833 n.
437 2802 463 2844 1,
483 2787 675 2844 etx111‚35‚
718 2799 797 2844 reret,
814 2787 959 2842 sententiam
978 2797 1090 2848 rogatum
1108 2802 1232 2848 nunquam

167 2879 194 2909 u*
208 2865 222 2910 3
236 2862 297 2918 et⁴4.
717 2876 837 2921 stantem,
856 2875 883 2912 ut
895 2865 1019 2921 solebant,
1028 2865 1070 2928 qui
1084 2864 1164 2929 longis
1177 2880 1233 2911 ora-

201 2957 226 2989 a.
242 2941 336 3004 Capillo
352 2953 376 2987 et
388 2941 465 2988 barba
474 2942 611 3005 promissa,
626 2954 672 2990 etc.
718 2942 827 2991 tlonibus
848 2943 873 2990 in
898 2954 982 2990 senatu
1009 2943 1155 3000 utebantur,
1179 2959 1232 2990 eam

165 3021 221 3067 vide
230 3021 261 3067 ad
271 3021 319 3078 Vl,
333 3022 414 3078 16‚n.
426 3028 448 3075 4.
469 3047 502 3056 -
520 3023 554 3066 Ea
566 3020 591 3066 in
603 3037 674 3068 sena·
719 3021 825 3078 dixisse,
848 3021 892 3068 sed
915 3021 977 3068 nihil
998 3021 1078 3077 alind,
1098 3037 1170 3084 quam
1188 3034 1230 3069 aut

163 3112 215 3146 tum
231 3099 329 3155 venire,
343 3110 390 3147 etc.
407 3099 525 3155 Censores
543 3114 594 3145 non
611 3098 675 3162 lege·
719 3100 795 3148 verbo
812 3099 865 3151 aliis
877 3116 1000 3147 assensum
1018 3101 1107 3158 fuisse,
1124 3111 1166 3148 aut
1182 3100 1232 3147 dis-

162 3191 218 3227 rant
230 3195 285 3225 eum
299 3178 324 3224 in
338 3178 515 3237 senatum,sed
528 3188 640 3231 auctores
652 3179 675 3225 ei
719 3179 829 3227 cessione
852 3179 931 3236 facta,
955 3178 1060 3242 pedibus
1079 3179 1105 3225 in
1125 3179 1229 3226 aliorum

162 3259 271 3316 fuerant,
285 3269 313 3306 ut
327 3259 353 3304 in
370 3271 480 3306 senatum
497 3257 604 3315 veniret,
620 3259 672 3304 n'on
717 3259 860 3306 sententiam
879 3259 985 3305 ivisse.»
1003 3256 1069 3306 Dok.
1095 3257 1232 3322 Cocgerunt

162 3348 276 3401 tanquam
287 3349 397 3394 senator,
412 3337 455 3386 sed
469 3350 583 3399 tanquam
597 3335 671 3398 peda·
716 3338 754 3385 vel
774 3349 802 3386 ut
823 3336 901 3384 virum
922 3337 1086 3394 consularem,
1105 3337 1144 3384 vel
1162 3337 1230 3400 quod

162 3416 229 3474 rius;
243 3407 326 3479 Sigon.
338 3417 405 3464 adh.
419 3416 435 3463 l.
448 3415 479 3463 ad
488 3417 577 3473 xxn,
591 3423 637 3475 49,
646 3424 671 3462 et
706 3428 785 3466 'antea
801 3417 826 3464 in
846 3428 955 3464 senatum
971 3417 1048 3464 lectus
1064 3417 1156 3466 fuerat:
1170 3417 1229 3464 alias

164 3494 193 3541 de
208 3499 266 3542 Ant.
278 3498 333 3543 Jur.
348 3495 395 3542 civ.
407 3497 478 3543 Rom.
495 3496 534 3553 Il,
551 3510 574 3541 2.
592 3493 670 3542 «Non
714 3512 765 3544 uon
777 3497 832 3562 cogi
842 3496 969 3560 potuisset.
984 3497 1059 3542 Doer.

162 3585 198 3622 est
220 3575 365 3638 probabile,
389 3586 454 3637 certe
476 3591 507 3622 ex
529 3573 567 3622 his
589 3573 669 3622 verbis
752 3577 775 3623 ³.
792 3577 852 3621 Tum
870 3590 966 3638 qnoque
982 3585 1026 3620 aaa
1045 3573 1123 3620 verbo
1144 3589 1226 3620 assen-

162 3653 258 3700 ostendi
279 3669 331 3701 non
351 3664 447 3718 potest,
469 3655 548 3703 virum
570 3655 671 3701 summis
714 3653 833 3709 debatur,
852 3664 898 3700 aut
914 3651 1015 3714 pedibus
1035 3651 1061 3697 in
1083 3652 1227 3699 sententiam

159 3730 296 3778 honoribus
308 3733 418 3781 firnctum
430 3734 540 3781 nondum
556 3734 583 3781 in
601 3749 669 3781 sena·
714 3733 779 3790 ibat,
793 3743 840 3780 etc.
851 3731 900 3779 vid.
911 3733 936 3788 1,
947 3730 994 3786 32,
1006 3747 1031 3776 n.
1047 3731 1090 3787 13,
1101 3741 1126 3777 et
1136 3732 1225 3790 xxn,

159 3821 212 3857 tum
225 3809 313 3857 lectum
328 3811 411 3858 fuisse.
429 3812 481 3861 Nec
495 3813 578 3860 Livius
593 3813 670 3869 dicit,
715 3819 761 3874 49,
776 3827 800 3859 n.
817 3807 1065 3873 13.-Quamsama
1080 3807 1131 3871 ejus
1144 3825 1224 3873 agere·

159 3905 272 3937 censores
281 3889 304 3935 ei
317 3901 427 3936 auctores
433 3889 512 3951 fiu'sse
521 3891 547 3937 in
561 3903 670 3938 senatum
715 3902 771 3947 tum
784 3888 840 3937 vide
851 3887 883 3935 ad
894 3888 954 3944 vn,
969 3885 1016 3944 31,
1033 3903 1059 3934 n.
1068 3887 1091 3933 5.
1105 3914 1140 3922 —
1152 3888 1223 3940 Stan-

110 3957 117 3965 ’
158 3968 286 4026 veniendi,
299 3968 342 4014 sed
355 3983 411 4015 eum
423 3969 528 4032 coegisse
541 3969 568 4016 id
581 3970 666 4017 beer-e.
713 3981 759 4016 tens
769 3969 794 4016 in
802 3978 888 4015 senatu
898 3966 1040 4014 sententiam
1052 3965 1145 4023 dicere,·
1155 3968 1221 4016 conf.

159 4047 283 4100 Sententia
293 4047 424 4102 verborum
437 4047 500 4095 Livii
509 4058 559 4107 est,
571 4064 640 4106 eum,
654 4065 669 4095 a
712 4059 765 4096 not.
774 4063 804 4107 a,
819 4056 844 4094 et
855 4045 887 4093 ad
895 4045 940 4093 lib.
951 4046 1003 4104 tx,
1015 4061 1070 4111 cap.
1082 4045 1143 4104 8,n.
1154 4061 1222 4092 a.-2
