2768 4574
102 307 105 321 ¹
182 285 301 390 2:533:
329 304 423 370 mn
450 260 590 370 xxix.
618 303 723 370 car.
751 304 893 371 xxvi.
922 305 1083 372 xxvii.
1140 306 1208 400 1⁸97

156 416 346 524 praetorem
360 421 552 520 provinciae
565 425 613 492 M.
631 423 871 518 Pomponium
886 437 1044 518 sequutae
1057 422 1211 495 fuerant.

156 535 211 606 Ad
234 533 305 603 hoc
330 532 507 630 legiones,
524 557 603 627 quae
627 532 664 600 in
690 531 805 602 Sicilia
828 531 1144 628 relinquebantur,
1165 534 1211 605 ad

156 641 429 742 prosequendos
452 641 713 712 commilitones
734 657 998 739 processerant3
1025 669 1071 714 ne
1094 645 1212 716 classis

155 751 266 823 modo
284 748 597 847 prospectantibus
614 776 633 821 e
651 765 763 839 terra,
781 750 844 822 sed
859 765 952 821 terra
972 753 1077 822 ctiam
1096 757 1213 827 omnis

156 863 249 930 circa
269 858 400 930 referta
420 857 527 930 turba
547 859 750 957 spectaculo
770 860 1021 958 navigantibus
1040 877 1126 933 erat.

203 974 345 1040 XXVII.
360 967 432 1039 Ubi
446 969 580 1058 illuxit,
601 971 718 1066 Scipio
733 996 752 1041 e
768 973 935 1068 praetoria
949 997 1057 1059 nave,
1072 972 1212 1043 silentio

157 1106 223 1180 per
242 1105 456 1177 praeconem.
469 1079 581 1167 factu,
603 1082 714 1151 «Divi
733 1081 929 1178 divaeque¹,
948 1083 1084 1178 inquit,
1105 1085 1216 1154 maria

155 1221 172 1255 «
187 1205 372 1287 terrasque
383 1192 447 1286 qui
462 1190 594 1279 colitis,
607 1216 671 1261 vos
686 1216 815 1288 precor
825 1217 1038 1289 quaesoque,
1050 1194 1119 1280 uti,
1133 1219 1214 1290 quae

156 1330 172 1365 ι(
186 1303 223 1370 in
241 1325 323 1372 meo
346 1302 497 1397 imperio
518 1316 616 1397 gesta
638 1316 739 1389 sunt,
764 1317 959 1399 geruntur,
976 1318 1131 1399 postque
1153 1329 1215 1401 ge·
1245 1303 1252 1322 ⁸

155 1424 332 1497 «rentur,
357 1435 397 1480 ea
417 1409 522 1506 mihi,
545 1410 683 1507 populo
706 1409 880 1508 plebique
908 1435 1082 1498 romanae,
1111 1413 1215 1483 sociis

156 1551 173 1586 «
187 1521 399 1616 nominique
413 1520 544 1608 latino,
556 1521 619 1616 qui
633 1521 760 1617 populi
776 1522 931 1608 romani,
947 1523 1082 1617 quique
1098 1546 1214 1592 meam

156 1661 173 1696 e
188 1641 353 1715 sectam²,
370 1631 561 1727 imperium
577 1630 848 1726 auspiciumque
867 1645 979 1717 terra,
996 1632 1086 1699 mari
1104 1632 1213 1700 amni·

156 1739 327 1835 «busque
343 1754 554 1835 sequuntur,
569 1737 664 1809 bene
681 1753 918 1809 verruncent:
934 1764 1049 1836 eaque
1060 1764 1124 1809 vos
1139 1763 1215 1809 om·

156 1882 173 1917 α
187 1851 247 1920 nia
263 1849 357 1920 bene
374 1850 523 1944 juvetis3
544 1847 650 1918 bonis
667 1847 829 1918 auctibus
848 1849 994 1936 auritis,
1018 1849 1133 1920 salvos
1157 1851 1214 1917 in-

157 1989 174 2024 «
188 1961 434 2054 columesque,
451 1959 552 2028 victis
568 1956 812 2054 perduellibus
825 1958 996 2045 victores,
1016 1957 1138 2053 spoliis
1150 1956 1220 2027 de-·

155 2096 173 2132 «
188 2080 349 2155 coratos,
372 2065 490 2162 praeda
511 2080 661 2136 onustos
688 2065 1044 2163 triumphantesque,
1070 2091 1213 2137 mecum

115 2264 118 2275 Ι
156 2206 173 2242 a
187 2176 315 2247 domos
328 2174 478 2245 reduces
493 2177 620 2245 sistatis
640 2203 647 2243 :
664 2176 892 2245 inimicorum
909 2173 1140 2270 hostiumque
1157 2175 1214 2244 nl-

156 2317 174 2351 «
189 2285 437 2357 ciscendorum
458 2286 598 2382 copiam
623 2283 763 2354 faxitis:
785 2308 939 2380 quaeque
961 2285 1118 2381 populus
1142 2310 1215 2354 car-

157 2395 418 2494 «tbaginiensis
430 2396 469 2464 in
486 2396 665 2466 civitatem
680 2409 838 2465 nostram
853 2393 968 2465 facere
980 2395 1127 2466 molitus
1144 2410 1212 2480 est,

157 2532 228 2578 «ea
243 2520 285 2576 ut
302 2505 390 2575 mihi
408 2505 618 2603 populoque
637 2530 788 2576 romano
809 2507 846 2575 in
869 2507 1047 2576 civitatem
1064 2506 1213 2575 Cartha-

192 2697 253 2752 Cte.
266 2704 372 2750 XXVII.
390 2719 412 2749 r.
428 2703 483 2750 Divi
496 2703 618 2766 divaeque,·
631 2704 662 2750 al.
708 2705 739 2752 ab
751 2703 818 2779 lpt'pto
832 2705 966 2767 praeposito
977 2720 1003 2761 υ,
1016 2706 1084 2751 utin
1100 2698 1155 2769 lap,
1169 2696 1215 2769 sip,
1295 2731 1299 2739 ·

157 2780 195 2828 dit
202 2781 301 2842 deaque
311 2796 321 2826 .·
335 2779 378 2826 ted
386 2780 447 2827 illud
460 2781 509 2828 olet
520 2784 594 2843 magle
606 2781 666 2826 anti-
707 2795 766 2834 vem
779 2780 870 2839 Εστία,
880 2783 951 2826 Vesta
956 2797 966 2834 ;
978 2780 1084 2848 ἑσπέρα,
1096 2797 1215 2844 vespera,

159 2861 288 2924 quitatem,
304 2858 344 2904 cui
356 2857 383 2903 ln
397 2857 442 2904 hac
460 2859 600 2920 precatione
615 2867 666 2903 stu·
709 2851 783 2918 eido,
797 2855 882 2911 video,
898 2856 1007 2903 emollito
1017 2856 1161 2919 digammate
1171 2874 1216 2907 aeo·

158 2938 214 2987 duit
226 2935 322 2992 Ijvins3
336 2936 419 2998 SIgon.
433 2961 468 2970 —
481 2936 564 2981 Maria
578 2946 666 2981 terras-
708 2934 771 2990 lico,
781 2934 956 2995 iuterjectoque
969 2950 997 2990 n,
1009 2935 1074 2982 utin
1085 2939 1214 3007 θησαυρὸς,

159 3034 206 3082 que
221 3015 264 3080 qui
277 3012 370 3070 colitis;
385 3012 485 3060 vidend
498 3015 600 3072 XXXI,
620 3013 665 3071 30,
710 3011 862 3068 etensaurus‚·
871 3014 1214 3090 cnttqrncbtn‚scaptensula;

159 3113 185 3144 n.
195 3103 219 3151 t.
228 3095 286 3142 Jovi
296 3092 462 3155 Neptunoque
473 3108 538 3139 sacra
548 3109 561 3139 a
572 3092 665 3155 Scipio·
708 3090 807 3160 γλυκὺς,
818 3090 910 3139 Iuctius.
931 3091 1013 3161 Ερὺκω
1022 3119 1024 3122 <
1034 3097 1160 3145 Interdum
1177 3109 1214 3146 est

159 3190 190 3221 ne
204 3173 266 3219 facta
280 3169 355 3218 tradit
368 3170 475 3233 Appian.
492 3173 553 3219 Pnn.
569 3171 609 3217 13.
627 3169 665 3218 Cf.
709 3171 824 3217 contineo
843 3181 867 3218 et
884 3170 1004 3228 cothco,
1025 3187 1057 3219 nc
1078 3172 1120 3231 Id,
1147 3175 1216 3238 qnod

159 3252 191 3300 ad
209 3250 251 3299 Sil.
263 3250 353 3307 XVH,
372 3248 417 3306 50,
436 3249 482 3307 51,
500 3260 524 3296 et
544 3264 617 3313 supra
635 3248 668 3319 nd
710 3248 862 3308 continetur,
878 3250 935 3296 mali
950 3249 1011 3312 qnid
1030 3251 1102 3300 saclat
1120 3253 1159 3301 vel
1171 3271 1216 3318 pa·

159 3332 260 3387 xxvt,
273 3336 302 3384 tr
312 3362 319 3386 ,
331 3344 356 3374 n.
371 3328 395 3374 8.
709 3326 791 3375 tiatnr.
802 3328 864 3388 Quae
874 3343 933 3375 vero
943 3330 1099 3377 continentur
1108 3331 1157 3378 hoc
1166 3348 1216 3380 mo·

195 3424 220 3455 n.
234 3410 316 3455 Meam
331 3418 433 3464 sectam,
456 3407 600 3463 factionem,
612 3422 668 3470 par·
713 3405 745 3452 do
759 3416 783 3452 ct
794 3417 931 3464 servantur,
947 3407 1012 3454 salva
1022 3421 1122 3456 manent
1138 3421 1161 3458 et
1174 3410 1216 3458 bo·

160 3496 196 3534 tes
205 3488 231 3532 in
241 3487 306 3534 bello
315 3486 357 3552 (cf.
367 3487 476 3544 XXXV,
485 3494 530 3546 493
544 3485 667 3542 XXXVI,
711 3499 757 3531 nos
775 3484 867 3532 habent
886 3495 992 3531 eventus.
1011 3489 1096 3549 Itaqnc
1115 3504 1141 3535 se
1158 3489 1217 3537 benc

164 3577 193 3625 ις
209 3566 292 3622 XLII,
313 3565 369 3631 31),
394 3564 419 3613 h.
439 3564 457 3612 l.
478 3563 512 3612 id.
532 3563 574 3626 qd.
594 3562 668 3626 impe-
711 3574 876 3619 terraneam:
892 3580 948 3610 nam
964 3564 1012 3611 hoc
1032 3568 1217 3629 pronomenIn·

161 3643 232 3692 rium.
248 3671 281 3680 -
296 3646 360 3690 Bene
373 3654 519 3690 verruncent
532 3645 587 3690 Pnt.
603 3640 667 3706 (quo
711 3641 842 3704 telligitur,
861 3641 963 3705 pcrInde
982 3653 1101 3706 utquam
1122 3655 1217 3692 vertere

161 3733 186 3770 et
206 3722 292 3770 alludit
308 3731 446 3768 certantem
465 3723 493 3768 In
509 3721 561 3768 Pal.
578 3735 628 3768 uno
643 3732 667 3769 ct
711 3714 841 3789 οὐδετέρως
856 3724 966 3788 ponitur.
978 3725 1014 3771 Ut
1024 3725 1055 3772 ab
1070 3723 1144 3787 ἐρύκω
1159 3724 1218 3775 ἀπε·

160 3815 299 3862 vemtnque
310 3801 337 3846 in
348 3798 424 3864 Flor.)
435 3799 471 3847 Id.
486 3799 528 3862 qd.
540 3799 605 3864 vulg.
614 3815 668 3846 ver·
711 3798 790 3868 pilato,
809 3809 834 3846 et
850 3816 864 3846 a
883 3810 953 3846 verto
965 3811 1060 3859 averto,
1079 3802 1114 3849 sic
1132 3818 1145 3849 t
1164 3818 1217 3851 ver·

163 3889 228 3934 tant,
248 3889 275 3925 ut
292 3879 357 3943 apud
373 3878 424 3926 Cic.
441 3879 561 3936 Divin.1,
580 3895 629 3937 nn,
643 3889 668 3926 ct
711 3894 785 3925 runco
800 3893 945 3935 averrunco,
961 3889 985 3925 ct
996 3879 1027 3924 ab
1038 3879 1087 3928 hoc
1097 3883 1217 3929 Avertan-

163 3959 224 4005 Acc.
236 3960 361 4004 th’acuv.
371 3974 410 4021 sp.
420 3957 486 4006 Non.
498 3975 541 4005 ω
551 3993 558 4017 ,
568 3976 595 4006 n.
607 3957 666 4020 ⁸95.
711 3974 752 4004 cus
759 3992 766 4014 ,
784 3967 812 4004 ut
826 3971 839 4002 a
849 3952 936 4020 promo
945 3973 1059 4020 promus,
1070 3959 1148 4008 condo
1162 3976 1218 4008 con·

163 4037 229 4084 Nota
242 4039 319 4084 Gron.
337 4048 372 4085 est
387 4037 456 4085 haec:
473 4059 485 4078 «
496 4040 617 4084 Verrnnco
631 4047 667 4084 est
711 4036 767 4092 dus,
781 4051 855 4098 carpo
868 4051 965 4098 carpus.
978 4056 990 4075 n

267 4127 306 4192 V.
1011 4120 1053 4190 32
