2768 4574
172 317 294 430 ῢῑὲῑέῖζῑ
359 337 449 403 Lm.
476 336 617 402 xxix.
646 335 748 402 cae.
771 334 854 400 vn.
876 335 981 401 vin.
1130 328 1203 427 459

144 481 271 555 gnam,
296 455 371 552 ipse
390 455 511 527 necin
533 476 649 524 arcem
670 475 707 521 se
728 449 932 536 includere,
955 451 1060 523 turba
1081 451 1201 525 locum

144 581 283 638 arctum
308 566 572 661 impediturus,
602 561 735 648 voluit;
766 584 886 657 neque
914 562 1043 650 scalas,
1069 562 1203 659 quibus

144 676 332 748 scanderet
350 699 490 763 muros,
506 674 683 745 attulerat.
702 671 854 743 Sarcinis
873 671 909 739 in
929 695 1097 742 acervum
1116 698 1202 745 con·

142 787 266 882 jectis,
282 812 396 884 quum
411 784 508 858 haud
520 782 649 881 procul
665 781 777 852 muris
791 779 836 850 ad
852 792 1027 850 terrorem
1044 779 1204 853 hostium

145 900 258 970 aciem
271 897 496 981 ostendisset,
505 919 587 965 cum
600 891 783 989 equitibus
797 888 955 961 numidis
967 892 1203 986 circumequi-

145 1006 244 1078 tabat
261 1005 405 1093 urbem,
424 1005 511 1075 dum
529 1003 648 1091 scalae,
670 1027 822 1100 quaeque
839 1001 908 1072 alia
925 999 971 1073 ad
984 1025 1212 1098 oppugnam-

144 1116 230 1186 dum
242 1139 334 1211 opus
350 1128 468 1199 erant,
482 1127 674 1210 parantur,
690 1112 735 1184 ad
749 1110 941 1182 visendum
957 1134 1030 1208 qua
1048 1113 1201 1183 maxime

142 1238 244 1320 parte
259 1223 520 1322 aggrederetur.
536 1229 747 1320 Progressus
765 1221 810 1292 ad
824 1245 990 1309 murum,
1010 1222 1202 1316 scorpione

142 1334 214 1403 icto
224 1335 252 1421 ⁴,
272 1335 336 1429 qui
354 1334 540 1431 proximus
558 1358 639 1404 eum
650 1331 752 1417 ¹forte
772 1346 936 1415 steterat,
954 1332 1103 1418 territus¹
1117 1331 1201 1402 inde

143 1458 216 1513 tam
232 1444 434 1540 periculoso
446 1467 548 1527 casu,
566 1444 729 1539 receptui
742 1466 871 1513 canere
888 1468 1004 1540 quum
1019 1443 1200 1538 jussisset,

142 1569 258 1624 castra
274 1555 401 1651 procul
418 1553 464 1624 ab
481 1555 555 1627 ictu
577 1553 639 1623 teli
662 1554 884 1623 communiit.
905 1553 1033 1624 Classis
1052 1577 1202 1622 romana

142 1690 162 1734 a
184 1669 347 1735 Messana
364 1669 513 1748 Locros,
532 1664 671 1759 aliquot
689 1663 789 1734 horis
814 1663 871 1733 die
898 1679 1112 1760 superante,
1141 1687 1201 1733 ac·

142 1776 263 1863 cessit,
290 1775 442 1872 expositi
464 1799 589 1844 omnes
614 1799 634 1844 e
663 1774 833 1858 naribus,
862 1787 897 1844 et
923 1788 1006 1845 ante
1034 1798 1200 1844 occasum

142 1885 228 1958 solis
244 1884 373 1956 urbem
395 1885 543 1981 ingressi
561 1899 653 1955 sunt.
676 1889 823 1955 Postero
840 1881 898 1954 die
917 1897 1036 1979 coepta
1055 1909 1099 1953 ex
1118 1909 1200 1955 arce

141 2017 161 2064 a
189 1997 308 2065 Poenis
341 2019 461 2092 pugna
477 2022 486 2081 3
517 2008 553 2065 et
578 1993 776 2078 Hannibal,
804 1993 878 2087 jam
914 1991 1016 2064 scalis
1049 1993 1199 2089 aliisque

141 2102 310 2174 omnibus
327 2104 372 2175 ad
393 2105 703 2201 oppugnationem
726 2104 874 2201 paratis,
894 2100 1039 2173 subibat
1053 2126 1197 2187 mur0s;

142 2238 257 2310 quum
276 2229 427 2313 repente
452 2215 491 2284 in
512 2239 613 2300 eum,
629 2214 719 2284 nihil
734 2214 854 2284 minus
870 2236 980 2309 quam
999 2211 1070 2284 tale
1092 2213 1200 2308 quid-

141 2348 250 2419 quam
272 2327 480 2413 timentem,
495 2322 671 2422 patefacta
690 2340 795 2420 porta
818 2338 1015 2421 erumpunt
1034 2325 1198 2395 Romani.

141 2433 196 2503 Ad
209 2434 385 2506 ducentos
397 2433 634 2532 improvidos,
649 2458 762 2530 quum
775 2436 1003 2521 invasissent,
1013 2434 1197 2507 occidunt.

141 2548 299 2617 Caeteros
315 2545 510 2632 Hannibal,
531 2559 572 2615 ut
587 2544 772 2616 consulem
791 2542 916 2616 adesse
934 2544 1065 2631 sensit,
1082 2545 1120 2614 in
1140 2569 1197 2615 ca*

141 2667 213 2722 stra
224 2657 371 2752 recipit3
384 2657 586 2752 nuntioque
596 2657 704 2726 misso
714 2653 760 2724 ad
769 2678 848 2739 eos,
864 2656 927 2749 qui
939 2654 977 2723 in
987 2677 1068 2723 arce
1083 2668 1196 2740 erant,

141 2774 181 2829 nt
197 2761 340 2833 sibimet
359 2765 426 2859 ipsi
444 2765 694 2850 consulerent,
710 2777 816 2851 nocte
832 2765 938 2835 motis
955 2763 1079 2833 castris
1095 2762 1194 2833 abiit.

139 2874 184 2940 Et
198 2874 261 2967 qui
275 2873 313 2942 in
328 2897 408 2943 arce
422 2889 539 2960 erant,
553 2875 629 2971 igni
642 2874 775 2968 injecto
789 2873 907 2956 tectis,
918 2896 997 2969 quac
1012 2872 1196 2960 tenebant,

140 2995 181 3050 ut
201 2985 230 3052 is
246 2983 422 3054 tumultus
439 2983 577 3054 hostem
598 2998 814 3070 moraretur,
830 3006 959 3079 agmen
977 3005 1125 3053 suorum
1144 2980 1196 3054 lu·

140 3115 192 3188 goe
207 3093 310 3163 simili
328 3117 437 3164 cursu
455 3107 539 3164 ante
557 3106 702 3165 noctem
721 3093 904 3189 assequuti
922 3107 1018 3163 sunt.

189 3208 284 3274 VIII.
310 3204 448 3301 Scipio,
477 3217 572 3274 utet
593 3228 711 3274 arcem
733 3203 892 3274 relictam
911 3201 956 3273 ab
978 3200 1142 3272 hostibus
1161 3216 1197 3272 et

138 3337 250 3385 vacua
267 3311 354 3383 vidit
375 3328 507 3401 castra,
533 3327 679 3385 vocatos
699 3313 745 3383 ad
767 3314 981 3384 concionem
997 3317 1196 3382 Locrenses

137 3427 290 3519 graviter
304 3425 353 3497 ob
367 3423 607 3497 defectionem
621 3425 816 3497 incusavit:
832 3422 878 3494 de
895 3420 1102 3494 auctoribus
1116 3445 1197 3517 sup·

116 3532 283 3629 ,plicinm
307 3537 476 3634 sumpsit,
504 3533 676 3629 bonaque
704 3558 829 3604 comm
855 3534 1000 3604 alterius
1031 3530 1197 3636 factionis
1220 3547 1229 3573 ·'

137 3644 377 3741 principibus,
399 3647 447 3717 ob
470 3645 647 3741 egregiam
665 3643 775 3716 fidem
798 3643 967 3715 adversus
991 3648 1195 3729 RomanOS,

172 3848 195 3895 4.
207 3841 336 3904 Scorpione
348 3843 395 3890 icto
406 3861 450 3903 eo,
467 3845 646 3908 μέμψεων·
690 3844 729 3892 dic
742 3855 869 3907 superante
873 3877 882 3900 ,
898 3855 925 3892 ut
939 3842 1006 3907 apud
1022 3842 1121 3890 Sallust.
1137 3845 1197 3906 Jug.

138 3919 197 3967 ritus
206 3920 262 3966 inde
272 3922 338 3981 conj.
348 3925 427 3970 Gron.
440 3949 476 3959 ·-
490 3923 593 3987 Aliquot
602 3922 645 3970 lto-
690 3939 733 3985 97,
750 3935 774 3970 et
792 3923 854 3970 Gell.
873 3924 926 3977 nt,
948 3929 994 3978 rt,
1013 3921 1108 3970 decima
1121 3933 1197 3985 parte

138 4001 183 4055 ris,
203 4016 272 4048 casus
287 4001 373 4048 tertius
396 4002 484 4065 proin
505 4020 547 4051 sen
568 4003 605 4051 ad
619 4019 643 4051 a.
689 4002 729 4050 die
742 4001 852 4065 reliqum
868 4002 978 4049 Gronov·
992 4003 1064 4052 Conf.
1076 4019 1148 4067 supra
1164 4001 1196 4048 ad

138 4078 308 4136 loras,·Doer.
320 4080 394 4142 Quod
407 4081 438 4128 ad
456 4082 549 4144 abquot
560 4082 645 4139 horas,
689 4082 761 4139 VIII,
779 4095 822 4140 ιο,
840 4096 864 4128 n.
880 4096 903 4127 1.
