2768 4574
185 287 309 400 3333}
435 306 881 400 transiturum.
909 312 937 376 1.
1162 392 1164 397 ,
1202 307 1223 379 5

198 427 282 484 midae
302 440 377 484 stant
397 427 501 503 quieti,
520 426 658 504 Poenique
676 426 821 505 ingentem
844 428 989 505 accipiunt
1006 428 1126 486 cladem.
1148 433 1224 490 Novi

198 520 330 587 consules
341 532 537 597 praetoresque
552 533 687 578 creantur
700 525 810 580 Romae.

158 723 185 788 Ι.
197 669 312 789 Duru
324 716 399 788 haec
408 719 446 787 in
458 715 575 788 Africa
585 732 694 814 atque
706 716 743 786 in
754 718 923 814 Hispania
934 733 1122 814 geruntur,
1135 725 1227 790 Han·
1305 706 1307 711 ¹

157 829 257 901 nibal
275 831 313 900 in
332 854 418 926 agro
437 830 619 900 tarentino
638 841 796 898 aestatem
817 830 1059 925 consumpsit,
1079 853 1142 927 spe
1160 854 1227 927 per

156 941 400 1038 proditionem
422 939 522 1010 urbis
543 940 820 1010 Tarentinorum
840 938 1035 1035 potiundae.
1059 945 1226 1038 Ipsorum

158 1051 353 1121 interimet
368 1050 668 1122 Sallentinorum1
686 1047 864 1146 ignobiles
878 1047 988 1119 urbes
1002 1048 1048 1120 ad
1064 1075 1148 1120 eum
1168 1051 1227 1122 de·

157 1158 333 1231 fecerunt.
355 1159 492 1231 Eodem
507 1174 671 1258 tempore
686 1161 725 1229 in
740 1160 886 1231 Bruttiis
903 1185 948 1230 ex
962 1158 1153 1232 duodecim
1165 1186 1228 1259 po·

80 1271 92 1328 f
157 1271 289 1366 pulis²,
313 1272 377 1367 qui
396 1295 492 1342 anno
513 1273 633 1369 priore
652 1270 697 1341 ad
714 1274 845 1340 Poenos
865 1269 1109 1358 desciverant,
1129 1274 1226 1341 Con·

157 1381 291 1451 sentini
309 1395 345 1452 et
365 1381 516 1452 Thurini
536 1383 573 1452 in
592 1381 703 1452 fidem
722 1381 851 1478 populi
867 1381 1009 1452 romani
1026 1380 1224 1452 redierunt.

156 1496 200 1562 Et
229 1493 351 1590 plures
376 1492 585 1582 rediissent,
616 1494 653 1562 ni
682 1497 719 1562 T.
742 1493 966 1590 Pomponius
984 1492 1226 1580 Veientanus,
1317 1500 1327 1513 '

156 1602 346 1700 praefectus
367 1607 505 1675 socium
516 1601 544 1692 ³,
565 1605 747 1702 prosperis
769 1603 908 1701 aliquot
929 1601 1228 1701 populationibus

156 1715 195 1785 in
211 1738 298 1811 agro
315 1714 456 1786 bruttio
471 1716 558 1811 justi
573 1716 674 1787 ducis
689 1718 847 1814 speciem
865 1729 1012 1803 nactus,
1031 1714 1226 1786 tumultua-

156 1820 212 1895 rio
223 1828 383 1896 exercitu
397 1841 540 1916 coacto,
555 1852 638 1897 cum
654 1833 835 1898 Hannone
850 1825 1081 1898 conflixisset.
1097 1830 1229 1924 Magna

156 1933 207 2005 ibi
225 1937 278 2006 vis
296 1935 506 2023 hominum,
523 1937 586 2008 sed
600 1937 793 2009 inconditae
811 1936 927 2008 turbae
947 1939 1142 2036 agrestium
1159 1962 1229 2008 ser·

156 2073 380 2145 vorumque,
399 2075 488 2121 caesa
505 2067 566 2122 aut
581 2067 683 2148 capta
700 2068 752 2123 est
773 2080 781 2122 :
798 2054 1064 2149 minimumque
1078 2054 1228 2149 jacturae

157 2155 241 2244 luit,
259 2160 360 2256 quod
376 2159 566 2258 praelectus
581 2163 678 2232 inter
700 2177 848 2234 caeteros
865 2179 919 2235 est
938 2178 1082 2261 captuS,
1099 2177 1136 2235 et
1150 2177 1228 2233 tum

156 2270 353 2342 temerariae
367 2297 497 2370 pugnae
509 2287 652 2361 auctor,
663 2289 699 2344 et
713 2288 797 2344 ante
809 2272 1042 2372 publicanus,
1058 2271 1228 2343 omnibus

156 2381 259 2453 malis
284 2381 422 2452 artibus
445 2399 480 2453 et
506 2382 715 2481 reipublicae
745 2399 781 2454 et
813 2383 1072 2455 societatibus‘*
1094 2381 1227 2452 infidus

157 2489 436 2588 damnosusque.
462 2494 698 2589 Sempronius
720 2493 848 2565 consul
873 2494 911 2562 in
936 2497 1091 2564 Lucanis
1115 2492 1229 2563 multa

157 2603 275 2699 praelia
290 2626 414 2699 parva,
427 2603 526 2672 haud
541 2603 656 2672 ullum
670 2601 821 2700 dignum
835 2618 1057 2690 memoratu,
1073 2602 1176 2690 fecit3
1193 2617 1229 2672 et

83 2730 86 2735 “
156 2710 330 2807 ignobilia
344 2712 478 2811 oppida
494 2719 722 2784 Lucanorum
739 2714 877 2810 aliquot
897 2715 1127 2812 expugnavit.
1144 2716 1227 2804 Quo

158 2820 292 2892 diutius
329 2823 539 2894 trahebatur
570 2823 729 2912 bellum,
766 2838 801 2894 et
839 2823 1026 2895 variabant
1059 2822 1226 2895 secunda

158 2930 385 3027 adversaeque
403 2958 461 3003 res
478 2958 555 3004 non
574 2932 758 3007 fortunam
779 2937 906 3031 magis,
933 2959 1043 3031 quam
1064 2936 1226 3020 animos,

157 3041 368 3131 hominum3
390 3056 490 3114 tanta
501 3046 644 3142 religio,
657 3059 693 3116 et
707 3071 748 3116 ea
757 3070 886 3141 magna
898 3072 940 3117 ex
954 3061 1054 3143 parte
1067 3059 1227 3129 externa,

159 3153 341 3237 civitatem,
353 3155 517 3243 incessit,
534 3171 576 3224 ut
590 3169 652 3226 aut
666 3155 847 3243 homines,
862 3168 924 3224 aut
939 3154 989 3224 dii
1002 3167 1153 3250 repente
1169 3151 1225 3222 alii

193 3355 254 3402 Car.
266 3357 286 3403 1.
298 3371 322 3403 ι.
341 3357 453 3418 Ipsorum
467 3353 563 3401 interim
580 3364 603 3400 et
616 3353 670 3400 Sat·
716 3353 809 3409 turbae;
826 3352 883 3400 vide
900 3369 975 3416 supra
992 3352 1023 3398 ad
1040 3350 1130 3397 librum
1148 3350 1225 3405 XXI,

159 3434 303 3481 lentinornm
313 3432 380 3498 (vide
393 3434 425 3481 ad
436 3436 475 3492 X,
486 3449 515 3494 a,
528 3449 554 3480 n.
564 3430 591 3497 a)
603 3432 668 3495 lege,
715 3448 769 3496 cap.
780 3432 820 3492 57,
835 3449 859 3478 n.
871 3447 910 3478 11.

158 3524 186 3560 ut
195 3512 243 3576 ipsi
251 3513 300 3561 sint
307 3513 446 3569 Tarentini;
455 3513 552 3561 Ruben.
560 3523 584 3560 et
592 3513 669 3559 Gron.
751 3518 775 3566 4.
787 3510 935 3558 publicanus
940 3543 1000 3558 .....
1006 3509 1160 3556 societatibus
1173 3506 1226 3574 infi-

194 3608 218 3638 2.
229 3595 258 3639 In
273 3591 373 3639 Bruttiis
386 3608 419 3638 eac
431 3593 487 3638 XII
491 3591 606 3656 populis,
622 3601 668 3640 etc.
714 3590 776 3647 dus,·
789 3589 845 3637 vide
859 3589 890 3636 ad
900 3591 932 3647 V,
949 3590 995 3648 23,
1010 3605 1035 3636 n.
1045 3587 1069 3636 6.
1085 3610 1097 3627 ιι
1107 3588 1173 3633 Hinc
1183 3603 1225 3650 ap·

159 3671 230 3718 Conf.
241 3671 272 3718 ad
286 3672 376 3727 XXII,
390 3672 421 3717 61
432 3693 447 3728 ,·
458 3687 483 3717 n.
495 3686 535 3720 11.
553 3697 587 3708 -
606 3671 668 3717 Con·
712 3682 797 3735 paret,
806 3669 935 3734 praefectos
944 3669 1067 3715 soclerum
1077 3667 1141 3713 cives
1150 3682 1224 3713 romo-

158 3749 261 3807 sentini,·
271 3749 328 3797 vide
338 3766 411 3813 supra
421 3749 453 3796 ad
463 3751 539 3808 VIII,
549 3757 597 3808 24,
608 3766 634 3797 n.
645 3757 669 3806 4.
713 3766 759 3797 nos
769 3750 842 3796 tuisse
854 3763 861 3796 :
875 3747 1027 3810 nequeenim
1037 3746 1092 3805 atti,
1110 3756 1138 3792 ut
1150 3756 1225 3808 puto,

158 3856 194 3866 -
204 3828 319 3887 Tburirri5
330 3830 388 3877 vide
401 3830 433 3878 ad
443 3834 480 3890 X,
493 3846 506 3876 2
516 3864 523 3888 ,
537 3846 563 3877 n.
574 3847 598 3878 a.
715 3844 787 3892 quam
806 3828 883 3883 cives,
900 3826 933 3874 ad
949 3826 1047 3890 publica
1065 3824 1224 3873 conducenda

195 3911 219 3956 3.
229 3908 359 3974 Praefectus
368 3910 460 3957 socium
465 3927 475 3966 ,·
487 3909 544 3956 vide
557 3926 628 3974 supra
639 3909 672 3957 ad
715 3905 913 3955 admittebantur.
927 3905 995 3954 Idem
1007 3923 1038 3953 ex
1047 3905 1163 3961 XXVII,
1178 3910 1225 3962 41;

162 3992 235 4049 VIII,
246 3989 292 4048 36,
304 4004 330 4034 n.
342 3989 365 4038 5.
377 4016 411 4025 —
425 3989 593 4036 Tumultuario
604 4005 672 4036 exer·
715 3986 840 4043 XXXIII,
848 3985 893 4045 363
902 3986 1025 4044 XXXIV,
1034 3992 1076 4045 47,
1084 3982 1223 4032 etxxxv.

160 4068 219 4127 oitu;
231 4068 288 4117 vide
297 4067 363 4128 adl,
375 4069 418 4130 37,
427 4085 452 4114 n.
463 4076 487 4123 4.
495 4096 529 4106 -
538 4067 673 4117 Inconditce
719 4065 909 4130 5‚c0111gttur;»
919 4064 983 4113 Duk.
