2768 4574
185 286 258 405 ,2153
272 288 318 400 3333
441 308 536 375 Lis.
564 308 688 377 xxv.
717 310 824 377 cap.
851 309 877 374 1.
905 311 954 375 u.
1211 334 1246 405 7--

168 427 336 523 gionibus
350 427 527 524 populum
542 427 720 499 liberaret.
735 433 768 498 Is
783 429 870 498 etin
884 429 1059 499 concione
1072 444 1233 503 senatus-

169 535 375 607 consultum
392 538 575 622 recitavit,
589 551 625 607 et
644 537 773 624 edixit,
799 542 860 624 Ut,
884 544 1102 635 quicumque
1125 540 1246 612 libros·

167 645 368 718 vaticinos8
386 653 656 744 precationesve
678 664 745 716 aut
762 662 875 717 artem
896 646 1129 743 sacrificandi
1152 675 1238 720 corr·

166 763 335 854 scriptam
360 758 523 845 haberet,
553 782 612 827 eos
632 757 740 827 libros
766 783 888 827 ournes
913 757 1103 856 literaeque
1125 761 1234 830 adse

167 885 252 938 ante
278 869 447 939 calendas
477 868 607 966 apriles
635 869 810 960 differret:
825 894 896 939 neu
914 876 1013 965 quis,
1035 877 1072 940 in
1081 872 1234 967 publico

165 1004 310 1050 sacrove
328 981 420 1068 loco,
438 1005 528 1051 novo
547 996 614 1050 aut
628 997 775 1050 externo
790 986 860 1050 ritu
874 982 1103 1075 sacrificaret.

213 1095 259 1160 ΙΙ.
282 1097 326 1161 Et
353 1092 491 1188 aliquot
515 1089 652 1188 publici
680 1084 883 1162 sacerdotes
910 1093 1045 1160 mortui
1070 1117 1113 1161 eo
1139 1110 1235 1163 anno

166 1214 251 1281 suut
276 1227 284 1267 :
307 1205 345 1270 L.
369 1201 558 1271 Cornelius
581 1201 757 1272 Lentulus
789 1199 954 1299 pontifex
978 1203 1175 1290 maxim,
1198 1217 1235 1274 et

167 1312 205 1378 C.
226 1311 386 1407 Papirius
409 1315 447 1382 C.
466 1318 502 1381 F.
524 1317 625 1383 Maso
645 1311 828 1408 pontifex,
848 1328 884 1384 et
902 1319 941 1383 Ρ.
963 1315 1091 1384 Furius
1111 1313 1249 1384 Philus·

165 1444 293 1516 augur,
309 1436 344 1492 et
359 1428 398 1493 C.
414 1425 577 1521 Papirius
588 1429 629 1494 L.
644 1429 679 1492 F.
696 1428 796 1494 Maso
814 1422 1232 1494 decemvir1·saer0rum.

165 1534 208 1600 In
229 1531 374 1601 Lentuli
391 1533 512 1604 locum
534 1538 582 1603 M.
604 1533 794 1604 Cornelius
815 1531 1019 1630 Cethegus,
1037 1533 1076 1601 in
1102 1531 1234 1628 Papirii

165 1642 230 1709 Cn.
253 1643 420 1713 Servilius
442 1645 585 1742 Caepio,
608 1642 799 1742 pontifices
826 1640 968 1714 suffecti
990 1656 1084 1713 sunt.
1111 1647 1234 1738 Augur

165 1765 305 1821 creatus
328 1757 366 1822 L.
388 1756 558 1843 Quintius
583 1755 821 1842 Flamininus,
842 1751 1024 1823 decemvir
1051 1775 1235 1821 sacrorum
1257 1816 1259 1821 .

164 1865 201 1929 L.
221 1862 409 1934 Cornelius
428 1865 615 1934 Lentulus.
640 1864 879 1934 Comitiorum
899 1861 1143 1932 consularium
1160 1860 1234 1954 jam

163 1969 354 2068 adpetebat
365 1987 509 2069 tempus
520 1983 547 2061 ²3
560 1972 638 2061 sed,
653 1973 739 2070 quia
750 1971 917 2042 consules
930 1996 950 2040 a
963 1969 1061 2042 bello
1072 1971 1233 2041 intentos

163 2103 312 2152 avocare
331 2107 408 2153 non
428 2082 611 2180 placebat,
636 2086 687 2154 Ti.
711 2084 946 2180 Sempronius
969 2080 1096 2153 consul
1120 2083 1231 2152 comi·

162 2192 298 2261 tiorum
323 2218 428 2263 causa
452 2193 664 2264 dictatorem
692 2191 781 2262 dixit
802 2197 841 2262 C.
859 2191 1051 2262 Claudium
1067 2190 1227 2262 Centho·
1298 2266 1302 2271 ,

161 2327 245 2372 nem
269 2329 277 2370 :
297 2303 342 2374 ab
365 2329 409 2374 eo
425 2306 595 2401 magister
618 2305 782 2401 equitum
807 2317 860 2373 est
883 2302 1001 2374 dictus
1019 2305 1062 2392 Q.
1085 2300 1230 2372 Fulvius
1252 2335 1254 2339 >

160 2413 314 2484 Flaccus.
329 2416 492 2485 Dictator
505 2416 622 2513 primo
637 2413 806 2485 comitiali
819 2409 900 2498 die³
918 2413 1048 2483 creavit
1063 2410 1230 2481 consules

160 2526 203 2615 Q.
218 2525 380 2596 Fulvium
391 2527 793 2624 Flaccum,magistrum
804 2524 988 2621 equitum,
1005 2537 1040 2594 et
1050 2527 1114 2621 lp.
1131 2522 1230 2593 Clau·

161 2634 260 2704 dium
279 2635 491 2724 Pulchrum,
511 2639 568 2708 cui
591 2637 707 2708 Sicilia
725 2636 910 2733 provincia
925 2636 964 2703 in
980 2649 1136 2731 practura
1153 2632 1228 2704 fue-

160 2759 226 2813 rat.
243 2750 334 2815 Tum
350 2762 519 2843 praetores
534 2748 643 2818 creati
658 2751 724 2816 Cn.
738 2745 884 2815 Fulvius
899 2744 1063 2828 Flaccus,
1077 2747 1116 2812 C.
1132 2742 1228 2812 Clau·

161 2855 240 2924 dius
261 2859 374 2943 Nem,
402 2861 451 2925 Μ.
483 2860 611 2928 Junius
643 2857 804 2945 Silanus,
837 2860 873 2926 Ρ.
903 2854 1093 2925 Cornelius
1117 2850 1225 2922 Sulla.

160 2967 321 3038 Comitiis
345 2964 531 3064 perfectis,
556 2966 710 3038 dictator
744 2967 954 3063 magistratu
977 2963 1074 3034 abiit.
1101 2961 1226 3032 AEdilis

159 3075 293 3148 curulis
303 3076 372 3147 fuit
386 3102 430 3147 eo
444 3080 563 3147 anuo-l
578 3103 661 3148 cum
673 3083 720 3148 Μ·.
738 3076 909 3148 Cornelio
920 3075 1081 3171 Cethego
1089 3079 1124 3144 P.
1142 3075 1227 3142 Cor-

194 3271 461 3328 taurominitanus,
482 3271 565 3335 quales
584 3270 667 3335 itaque
712 3282 735 3319 et
754 3271 851 3317 Livium
874 3271 908 3318 ita
930 3269 1053 3333 scripsisse
1074 3268 1224 3338 βραχυλογίᾳ
1324 3274 1327 3279 “

154 3351 204 3408 jam
219 3361 270 3397 tum
280 3351 414 3398 circumlati
428 3368 442 3398 a
455 3351 616 3398 fiaudulentis
629 3367 668 3398 va·
711 3350 813 3398 ductum
835 3349 978 3406 contendit,
998 3363 1077 3410 neque
1098 3347 1165 3394 aliud
1182 3365 1225 3394 vo-

156 3427 333 3477 ticinatoribus.
344 3431 434 3479 Confer
443 3432 567 3488 xxxix,
580 3432 624 3489 163
635 3429 667 3476 ad
710 3429 782 3477 luisse
798 3445 872 3493 quam
885 3428 969 3475 istud:
984 3427 1123 3474 «Consules
1137 3427 1163 3473 in
1172 3427 1224 3474 bel-

157 3508 215 3555 Tac.
227 3509 292 3555 Anu.
300 3510 349 3568 VI,
362 3525 408 3567 12,
428 3521 452 3556 et
466 3511 530 3556 Suet.
546 3511 611 3572 Aug.
623 3510 665 3556 31.
710 3508 761 3555 lum
770 3510 878 3556 intentos
887 3524 901 3554 a
910 3506 976 3554 bello
989 3520 1092 3552 avocare
1106 3521 1158 3552 non
1171 3506 1223 3568 pla·

157 3612 192 3620 -
204 3587 360 3650 Literasque,·
374 3587 429 3634 vide
440 3588 489 3644 VI,
503 3603 525 3646 1,
537 3605 562 3634 n.
571 3603 595 3635 a,
711 3588 789 3636 nebat.
797 3611 809 3629 »
820 3589 868 3636 Eo.

192 3665 292 3712 Cauil.
304 3681 324 3714 1.
332 3665 456 3713 Decemvir
463 3683 588 3714 sacrorum
593 3685 604 3723 ;
613 3667 666 3715 vid.
747 3669 770 3716 3,
787 3667 868 3714 Primo
883 3662 1002 3710 comitiali
1014 3661 1054 3708 die
1058 3680 1069 3718 ‚·
1081 3661 1138 3708 vide
1148 3678 1220 3725 supra

156 3742 373 3802 xn1u‚10‚n.s.
710 3747 944 3805 aa111,11‚n.1.
999 3732 1006 3750 '

192 3838 216 3869 a.
232 3821 371 3884 Adpetebat
383 3835 474 3886 tempus
480 3840 491 3881 ;
511 3823 567 3870 vide
586 3823 617 3870 ad
635 3825 666 3882 V,
747 3831 771 3879 4.
785 3821 875 3869 AEdilis
890 3820 979 3866 curulis
987 3818 1041 3884 fuit
1052 3835 1079 3864 co
1093 3835 1158 3864 auno
1176 3815 1218 3882 (sc.

159 3917 204 3964 19,
217 3917 243 3947 n.
253 3917 279 3948 2.
292 3903 355 3948 Mox
363 3902 471 3949 consules
484 3902 546 3949 bello
561 3901 665 3950 intentos
710 3917 761 3966 quo
780 3901 806 3948 hi
825 3900 936 3948 consules
954 3914 981 3945 ac
1002 3908 1117 3961 praetores
1134 3897 1160 3944 in
1177 3915 1219 3944 an-

156 3981 276 4027 advocare
285 3978 330 4042 leg.
343 3996 355 4042 e
370 3997 384 4026 a
395 3981 465 4028 MSS.
477 3982 551 4027 Doer.
561 4008 596 4016 —
604 3981 665 4028 Vul-
710 3997 769 4028 num
783 3996 831 4043 seq.
843 3979 919 4026 creati
932 3988 1004 4035 suut;
1019 3975 1084 4024 nuk.
1100 3987 1124 4023 et
1140 3976 1220 4040 Pigh.)

156 4072 234 4123 getam
243 4057 468 4119 tueturWalchius,
478 4060 580 4108 Emend.
587 4077 612 4124 p.
622 4061 664 4122 89,
710 4063 738 4107 Ρ.
750 4059 873 4107 Cornelius
885 4057 964 4123 Scipio
985 4072 1039 4102 cum
1056 4056 1089 4101 ill.
1110 4057 1220 4104 Cornelio
