2768 4574
172 303 238 374 186
593 310 631 376 T.
665 310 806 379 lell
1081 289 1206 394 §35:322

167 455 184 488 a
198 448 260 520 ges
270 423 375 495 dare?
385 423 567 497 nobismet
576 427 660 525 ipsis
675 429 833 526 primum
842 426 1070 523 imperemus.
1082 429 1233 514 Aurum,

166 549 402 635 sergentum,
420 560 465 607 aes
482 537 659 634 signatum
675 553 785 609 omne
802 550 987 608 senatores
1005 536 1160 606 crastino
1175 535 1235 606 die

167 675 184 709 a
200 646 238 713 in
248 643 436 743 publicum
448 645 697 720 conferamus³
707 677 716 735 ;
728 650 776 718 ita
787 662 826 718 ut
836 645 989 717 annulos
999 644 1067 716 sibi
1077 647 1236 743 quisque

168 784 185 818 a
200 770 235 825 et
250 757 396 854 conjugi
410 771 447 828 et
461 756 595 845 liberis,
610 775 646 829 et
660 759 737 830 filio
753 757 907 845 bullam,
924 770 978 845 et,
994 754 1127 853 quibus
1140 780 1237 826 uxor

168 895 185 931 ιι
197 863 323 937 filiaeve
339 881 441 956 sunt,
461 869 617 964 singulas
631 871 754 940 uncias
773 867 896 966 pondo
912 867 992 936 auri
1004 864 1235 961 relinquant3

168 1005 185 1040 α
200 979 354 1074 argenti,
365 979 430 1074 qui
443 979 558 1049 curuli
572 979 657 1050 sella
672 979 858 1066 sederunt,
874 977 960 1074 equi
973 989 1184 1046 ornamenta
1199 987 1238 1046 et

168 1085 307 1158 «libras
325 1087 469 1186 pondo,
484 1103 525 1160 ut
540 1090 692 1162 salinum
708 1090 949 1188 patellamque
965 1087 1116 1158 deorum
1130 1109 1238 1156 causa

168 1227 185 1262 a
199 1195 333 1268 habere
347 1199 488 1295 possint
503 1226 510 1268 :
528 1202 644 1271 caeteri
662 1216 845 1271 senatores
862 1198 989 1269 libram
1008 1197 1145 1294 argenti
1157 1211 1238 1266 tan-

170 1320 299 1390 «,tum,
313 1308 393 1378 aeris
407 1309 535 1406 signati
550 1312 662 1407 quina
676 1310 786 1380 millia
802 1311 839 1379 in
853 1308 1012 1405 singulos
1025 1305 1241 1406 patresfami-

168 1446 185 1479 «
201 1416 255 1487 liae
270 1418 529 1515 relinquamus.
546 1424 723 1492 Caeterum
742 1445 850 1491 omne
867 1442 1014 1506 aurum,
1030 1430 1240 1513 argentum,

169 1555 187 1590 «
200 1551 247 1596 aes
262 1529 460 1625 signatum,
477 1530 523 1601 ad
540 1533 746 1602 triumviros
760 1531 979 1602 mensarios‘·
991 1526 1174 1624 extemplo
1186 1525 1244 1596 de

169 1668 186 1700 a
201 1634 376 1726 feramus,
393 1639 497 1712 nullo
512 1657 595 1714 autc
610 1641 920 1713 senatusconsulto
936 1638 1046 1725 fact03
1063 1635 1242 1708 utvolun-

171 1775 187 1810 ι
201 1748 289 1816 taria
304 1748 448 1820 collatio
463 1765 499 1821 et
513 1767 696 1823 certarnen
707 1749 918 1848 adjuvandae
928 1747 1137 1847 reipublicae
1150 1746 1245 1818 exci-

169 1887 186 1923 a
200 1871 253 1928 tet
267 1858 311 1928 ad
324 1859 568 1931 aemulandum
577 1863 716 1933 animos
727 1863 886 1960 primum
900 1858 1076 1956 equestris
1089 1854 1243 1943 ordinis,

171 1967 289 2037 «dein
311 1969 459 2067 reliquae
483 1971 611 2067 plebis.
629 1979 730 2044 Hanc
748 1996 857 2042 unam
876 1971 992 2056 viam,
1010 1965 1125 2038 multa
1146 1966 1245 2036 inter

172 2109 188 2143 (ι
203 2103 270 2147 nos
294 2078 516 2175 colloquuti‚
538 2083 706 2153 consules
728 2083 933 2152 invenimus
955 2107 963 2149 ε
985 2074 1244 2176 ingredimini,

141 2241 144 2246 .
172 2188 270 2257 «diis
285 2186 380 2259 bene
393 2189 615 2283 juvantibus.
631 2191 847 2289 Respublica
866 2189 1057 2269 incolumis
1073 2199 1109 2257 et
1126 2186 1246 2282 priva-

171 2330 188 2363 «
203 2313 256 2368 tas
269 2323 327 2370 res
342 2297 445 2370 facile
459 2301 571 2372 salvas
581 2317 730 2400 'praestat
747 2331 754 2372 :
772 2301 916 2400 publica
934 2295 1127 2398 prodendo
1136 2291 1246 2383 ⁵,tua

175 2563 258 2596 remus·
266 2549 369 2614 remiges
391 2547 431 2615 (ut
443 2567 497 2616 cap.
515 2549 574 2615 35),
589 2552 630 2599 vel
646 2552 685 2598 in·
728 2548 844 2598 eximitur
857 2547 931 2595 nobis
943 2546 1079 2612 scrupulus.
1093 2545 1157 2594 Nam
1170 2545 1250 2592 Laevi·

170 2628 301 2690 jungamus
311 2630 443 2696 impensas,
453 2631 557 2689 tributa,
566 2646 621 2694 qun
630 2646 686 2677 con·
730 2645 776 2677 nus
786 2645 836 2676 non
850 2628 1009 2676 semiunciam
1017 2626 1085 2683 auri,
1098 2636 1127 2687 ut
1134 2625 1249 2688 Oppius,

173 2707 272 2755 ferenda
287 2721 352 2757 sunt.
368 2710 534 2774 Interrogatio
550 2710 686 2757 orationem
731 2707 811 2755 sedin
825 2706 926 2754 summis
939 2721 1020 2753 reruni
1035 2703 1152 2768 angustiis
1164 2703 1250 2750 minus

176 2787 258 2836 reddit
271 2791 415 2852 graviorem.
731 2787 784 2834 euri
802 2785 989 2849 reunquendum
1008 2784 1130 2831 censuisse
1147 2781 1251 2830 videtur

210 2867 272 2915 3.In
279 2869 405 2931 publicum
416 2867 582 2934 conferamus,
594 2867 687 2916 scilicet
731 2866 814 2914 uxori.
832 2891 867 2902 —
887 2863 936 2926 Qui
952 2863 1032 2910 curuli
1042 2863 1103 2910 sella
1115 2860 1247 2918 sederunt,

177 2963 261 3006 usum,
274 2949 314 2995 vel
328 2949 439 2996 aerarium
460 2947 532 3012 (vide
551 2947 583 2994 ad
598 2949 639 3004 11,
655 2962 687 3008 9,
731 2945 774 3008 qui
791 2944 899 2993 curulem
915 2959 1010 3006 gessere
1024 2941 1201 3005 magistratum.
1212 2965 1251 2979 υ-

177 3041 203 3074 ιι.
211 3033 240 3084 t,
254 3037 279 3074 et
291 3029 417 3084 XXXIX,
430 3042 454 3086 7,
464 3043 489 3073 ιι.
503 3024 543 3089 ι),
555 3025 592 3072 vel
603 3024 688 3089 potius
732 3023 848 3088 Argenti,
860 3039 891 3071 ex
899 3033 1014 3087 argento,
1023 3020 1081 3088 equi
1089 3029 1248 3075 ornamenta,

175 3103 690 3154 exaedibusadtriumvirosmensariosde-
733 3103 852 3167 phaleras.
876 3105 948 3149 Forte
968 3101 1015 3164 leg.
1035 3116 1068 3147 esc
1087 3108 1189 3163 argento
1209 3096 1252 3144 vel

167 3183 283 3248 feramus
289 3221 297 3244 ,
314 3196 341 3232 ut
350 3198 411 3231 mox
420 3183 519 3242 dicitur,
530 3183 610 3247 pelam
622 3198 690 3230 com·
735 3194 859 3247 argentea.
876 3207 911 3218 -
924 3180 1024 3227 Libram
1032 3176 1129 3243 argenti
1136 3187 1249 3233 mutum,

177 3277 317 3330 portemus,
336 3261 688 3320 utxxvl11,36‚n.3.cf.
733 3278 785 3309 ιιοιι
804 3261 876 3309 simul
898 3270 1012 3323 argentea
1033 3271 1153 3320 equorum
1175 3270 1252 3303 orne-

158 3345 211 3392 ἰὰ
224 3349 261 3404 11,
279 3351 326 3400 at,
346 3359 371 3389 ιι.
389 3343 413 3390 6.
432 3343 524 3388 -Ita
542 3342 689 3389 mannulos
733 3338 943 3388 mente-stris
958 3335 1052 3401 signati
1068 3334 1144 3398 quina
1160 3332 1251 3382 millia.

176 3424 224 3473 sibi
245 3422 347 3487 quisque
365 3420 521 3483 relinquam,-
538 3420 595 3468 vide
615 3421 646 3468 ad
664 3423 688 3477 I,
733 3421 807 3468 Assos
820 3417 928 3465 unciales
941 3416 1022 3473 5000,
1032 3415 1076 3477 qni
1088 3413 1147 3461 dant
1157 3424 1252 3461 sester-

178 3510 225 3560 4¹,
241 3517 266 3547 n.
281 3517 303 3550 1.
320 3525 356 3536 -
371 3499 433 3547 Filio
456 3500 564 3556 bullam
581 3500 638 3548 vide
658 3500 690 3547 ad
733 3499 782 3546 tios
795 3497 870 3554 1250,
881 3511 973 3542 marcas
983 3494 1076 3556 argenti
1085 3501 1208 3539 nostrates
1220 3499 1252 3551 4,

177 3579 474 3638 Juvenu.v,164,165.
493 3605 527 3616 -
544 3581 591 3637 Et,
604 3579 690 3643 quibus
734 3593 790 3624 cum
805 3575 886 3622 unciis
901 3591 925 3634 7,
940 3584 964 3621 et
983 3573 1076 3619 decima
1090 3582 1158 3618 sexta
1169 3570 1253 3619 uncia

177 3658 338 3725 uxorfilioeve
345 3669 409 3715 sunt,
417 3658 525 3723 singulas
535 3659 620 3707 uncias
625 3674 690 3722 pon·
733 3667 812 3720 perte,
819 3652 952 3701 secundum
960 3650 1068 3700 Creveni
1078 3650 1193 3697 rationes.
1204 3651 1252 3698 En.

177 3740 210 3786 do
224 3738 281 3786 auri
294 3735 449 3801 relinquant,·
461 3737 494 3785 cf.
505 3739 584 3787 Gron.
594 3737 625 3785 de
634 3739 690 3785 Pec.
771 3741 795 3789 4.
813 3733 930 3780 caurum
947 3727 1096 3795 (reliquum)
1114 3743 1187 3775 omne
1204 3744 1253 3775 au-

177 3830 229 3867 vet.
242 3820 267 3875 1,
279 3818 311 3876 6,
325 3817 368 3880 qui
375 3816 489 3885 filiaque
501 3817 575 3880 legit,
591 3834 622 3864 ne
638 3816 691 3863 baec
735 3811 872 3869 rum.,.ad
880 3808 1017 3857 triumviros
1028 3807 1161 3854 mensarios
1166 3824 1177 3865 ‚·
1190 3805 1252 3855 vide

177 3899 334 3948 adversentur
346 3897 395 3960 legi
404 3896 507 3961 Oppia,
518 3896 626 3943 triennio
636 3905 692 3942 ante
735 3890 768 3940 ed
776 3893 838 3951 VII,
848 3906 891 3949 ιι,
899 3906 924 3938 n.
941 3890 964 3936 3.
971 3914 1007 3924 ·—
1016 3885 1178 3952 Ingredimini
1185 3885 1254 3935 lunc

178 3977 250 4037 latae,
266 3976 297 4024 de
319 3991 367 4040 qua
387 3974 445 4022 vide
469 3972 501 4021 ad
519 3975 642 4030 XXXIV,
666 3988 692 4030 1,
737 3972 810 4018 viam.

176 4072 200 4108 n.
216 4068 273 4105 set
288 4058 310 4105 3.
332 4054 380 4104 Sed
393 4070 424 4102 ne
443 4051 592 4116 sicquidem
610 4051 692 4101 omnis
775 4050 798 4098 5.
812 4048 914 4098 Publica
923 4043 1071 4112 prodendo,
1086 4054 1132 4092 etc.
1140 4041 1208 4091 Vide
1217 4042 1254 4092 ed
