2768 4574
155 332 227 419 466
583 330 622 396 r.
655 330 790 397 mvn
1065 304 1185 420 tal-2233:

160 455 350 551 exciperet.
365 455 408 543 Q.
418 449 578 521 Caecilius
589 448 754 520 Metellus
766 447 919 516 dictator
929 444 974 515 ab
988 445 1136 517 consule
1147 444 1160 488 ⁵
1173 447 1212 516 iu

159 563 305 634 Bruttiis
323 561 549 632 comitiorum
574 583 679 630 causa
699 558 837 643 dictus,
860 557 1109 652 exercitusque
1133 559 1213 651 ejus

158 674 343 758 dimissus3
357 671 523 767 magister
540 670 702 765 equitum
714 667 922 739 L.Veturius
933 665 1054 736 Philo:
1070 667 1214 736 comitia

157 806 223 878 per
244 782 454 852 dictatorem
480 777 612 849 habita.
639 777 813 865 Consules
839 775 924 847 facti
954 780 1002 845 M.
1025 776 1213 846 Cornelius
1282 763 1297 777 ⁸

159 891 359 988 Cethegus,
382 895 420 960 P.
447 888 681 986 Sempronius
705 885 901 957 Tuditanus
924 885 1073 972 absens,
1097 909 1213 982 quum

159 1001 380 1097 provinciam
408 999 580 1071 Graeciam
602 996 757 1068 haberet.
779 1001 950 1068 Praetores
974 996 1057 1067 inde
1084 998 1213 1085 creati,

160 1110 210 1178 Ti.
237 1107 407 1179 Claudius
429 1111 544 1192 Nero,
569 1111 618 1176 M.
637 1108 790 1177 Marcius
811 1107 926 1190 Ralla,
945 1111 985 1178 L.
1005 1106 1214 1178 Scribonius

158 1217 268 1305 Lib0‚
286 1223 335 1288 M.
351 1218 569 1314 Pomponius
587 1215 723 1286 Matho.
741 1217 902 1287 Comitiis
915 1217 1083 1313 peractis,
1103 1215 1213 1286 dicta·

159 1344 217 1399 tor
237 1353 313 1399 sese
332 1329 541 1424 magistratu
560 1325 748 1397 abdicavit.
771 1326 864 1397 Ludi
880 1327 1033 1396 Romani
1051 1341 1122 1409 ter,
1142 1326 1215 1422 ple·

158 1437 232 1508 beii
256 1439 387 1534 septies
412 1437 611 1508 instaurati.
642 1437 794 1507 Curules
818 1449 920 1506 erant
939 1435 1055 1506 aediles
1080 1439 1147 1505 Cn.
1177 1451 1214 1507 et

157 1553 195 1618 L.
226 1547 383 1619 Cornelii
407 1545 560 1618 Lentuli.
600 1547 731 1617 Lucius
760 1546 965 1643 Hispaniam
993 1545 1213 1640 provinciam

157 1655 330 1727 habebat:
346 1656 475 1729 absens
493 1671 644 1743 creatus,
661 1654 790 1726 absens
805 1680 889 1725 eum
901 1655 1079 1725 honorem
1093 1657 1212 1751 gessit.

158 1768 210 1836 Ti.
236 1766 406 1837 Claudius
432 1762 596 1837 Asellus⁶
615 1779 651 1836 et
673 1768 721 1835 M.
746 1765 875 1835 Iunius
908 1769 1052 1834 Pennus
1080 1764 1214 1859 plebeii

157 1876 278 1947 aediles
291 1874 447 1945 fuerunt.
465 1874 588 1945 AEdem
595 1874 745 1944 Virtutis
761 1899 804 1944 eo
826 1898 922 1942 anno
936 1871 980 1942 ad
993 1887 1134 1969 portam
1149 1878 1215 1945 Ca·

158 2010 288 2083 penam
307 1989 355 2055 M.
370 1984 559 2055 Marcellus
584 1983 774 2066 dedicavit,
795 1981 1089 2078 septimodecimo
1115 2006 1213 2052 anno

159 2111 350 2190 postquam
367 2118 387 2163 a
405 2108 506 2191 patre
522 2093 599 2187 ejus
618 2093 736 2189 primo
750 2090 937 2162 consulatu
954 2105 1036 2160 vota
1052 2092 1089 2159 in
1099 2089 1215 2161 Gallia

64 2270 69 2277 .
155 2203 203 2272 ad
224 2202 434 2272 Clastidium
458 2202 606 2273 lueratI.
640 2206 686 2272 Et
710 2201 841 2272 flamen
862 2201 1036 2297 martialis
1050 2228 1094 2272 eo
1116 2227 1212 2273 anno

158 2325 212 2380 est
229 2326 394 2381 mortuus
409 2316 457 2381 M.
476 2311 635 2383 AEmilius
650 2312 819 2407 Regillus.

203 2425 281 2490 XII.
303 2419 481 2516 Neglectae
499 2444 543 2489 eo
560 2419 710 2490 biennio
724 2445 781 2491 res
795 2423 831 2489 in
848 2424 984 2491 Graecia
999 2433 1133 2492 erant¹.
1149 2427 1214 2492 Ita·

157 2554 230 2626 que
251 2527 435 2625 Philippus
449 2527 600 2614 AEtolos,
616 2528 776 2600 desertos
798 2528 842 2599 ab
858 2533 1051 2618 Romanis,
1075 2533 1133 2602 cni
1149 2533 1214 2601 uni

157 2638 330 2710 videbant
364 2639 517 2725 auxilio,
543 2637 676 2735 quibus
709 2640 823 2710 voluit
854 2641 1142 2724 conditionibus,
1167 2640 1214 2711 ad

160 2746 353 2844 petendam
376 2761 411 2817 et
433 2746 681 2844 paciscendam
702 2748 840 2846 subegit
858 2775 992 2848 pacem.
1016 2751 1123 2840 Quod
1144 2753 1213 2821 nisi

156 2860 257 2926 omni
279 2860 315 2927 vi
339 2855 510 2953 perficere
536 2873 764 2944 maturasset,
787 2859 982 2930 bellantem
1013 2886 1094 2932 eum
1125 2886 1212 2933 cum

157 2966 282 3036 AEtolis
304 2970 341 3035 P.
363 2967 597 3062 Sempronius
612 2967 841 3064 proconsul²,
862 2993 1045 3041 successor
1071 2973 1212 3068 imperii

193 3184 216 3230 5.
232 3184 264 3245 Q.¹
274 3183 381 3231 Coecilius
391 3185 500 3232 Metellus
512 3186 618 3234 dictator
630 3187 662 3234 ab
706 3189 839 3251 quirinalis.
856 3192 982 3239 Creverius
1001 3192 1090 3239 fatetur
1109 3209 1134 3240 se
1156 3194 1214 3257 cogi

154 3263 254 3310 consule
268 3265 294 3310 P.
306 3263 412 3320 Licinio,
425 3275 471 3313 etc.
482 3265 548 3312 cons.
560 3281 612 3329 cap.
622 3281 661 3315 10.
705 3267 732 3313 in
749 3266 849 3314 dubium
864 3269 1012 3332 relinquere,
1025 3281 1107 3317 utrum
1118 3270 1159 3318 hic
1169 3270 1213 3320 fla-

114 3388 117 3395 ,
155 3341 264 3388 -Ludi
271 3340 376 3388 Romani
386 3352 430 3400 ter,
439 3342 531 3406 plebeii
537 3343 663 3406 septicam·
706 3361 761 3392 men
780 3347 894 3394 martialis
911 3349 972 3395 alius
989 3349 1020 3396 ab
1045 3350 1089 3398 illo
1111 3352 1158 3412 sit,
1180 3367 1213 3398 au

156 3415 277 3475 staurati5
288 3419 345 3466 vide
353 3419 387 3465 ad
397 3422 436 3480 11,
450 3421 495 3479 36,
508 3437 534 3467 n.
545 3436 566 3468 1.
707 3423 772 3470 idem
784 3423 834 3471 duo
842 3425 953 3474 habuerit
962 3429 1109 3488 sacerdotia,
1121 3446 1153 3477 au
1163 3447 1212 3479 me·

189 3498 214 3544 6.
231 3496 266 3545 Ti.
284 3497 399 3544 Claudius
421 3499 532 3556 Asellam
551 3500 614 3548 MSS
637 3502 663 3547 T.
707 3503 784 3549 moria
797 3504 891 3552 Livium
902 3506 1021 3555 fefellerit.
1034 3510 1079 3565 Ru.

158 3575 274 3626 Claudius
287 3576 377 3623 Asilas.
741 3583 802 3630 Cur.
820 3585 878 3631 XII.
895 3600 917 3633 1.
934 3585 1056 3649 Neglectae
1072 3603 1101 3633 eo
1116 3586 1212 3633 biennio

191 3671 216 3715 7.
229 3654 316 3702 AEdem
330 3653 511 3709 Wrtutr's..‚ad
523 3655 664 3704 Clastidium
707 3674 744 3705 res
758 3659 782 3706 in
798 3661 910 3720 Garoias
925 3664 981 3711 vide
991 3666 1022 3712 ad
1033 3668 1160 3724 XXVIII,
1182 3667 1213 3726 8,

150 3732 254 3797 ficorum·
273 3733 324 3781 vil.
338 3735 414 3790 XXI,
429 3736 475 3792 48,
491 3751 517 3782 n.
531 3751 560 3795 73
578 3737 662 3794 XXV,
705 3738 830 3785 n.5.Mox
837 3740 1213 3793 desertosabltomano...auxi-

159 3819 204 3868 40,
220 3828 247 3861 n.
265 3828 294 3870 a,
316 3821 341 3859 et
362 3813 475 3871 XXVII,
493 3813 540 3871 25,
560 3829 586 3859 n.
598 3820 662 3872 4-7.
707 3816 740 3862 tio
751 3818 813 3864 MSS
827 3820 876 3866 fere
890 3837 982 3872 omnes.
994 3825 1097 3889 Vulgata
1111 3825 1212 3872 debetur

156 3887 237 3935 Primo
248 3890 374 3937 consulatu
384 3906 406 3939 a.
415 3891 446 3938 U.
456 3891 555 3939 530.-
563 3892 663 3939 Flamen
706 3894 784 3945 Rheu.
799 3907 823 3944 et
838 3897 935 3947 doctior
947 3913 998 3960 est,
1011 3903 1055 3949 sed
1067 3905 1212 3952 auctoritate

156 3966 289 4024 nrartialis,
309 3980 357 4016 etc.
370 3968 421 4016 vid.
435 3971 532 4030 XXIV,
548 3972 579 4029 8,
599 3987 624 4019 n.
638 3979 662 4026 4.
705 3971 790 4036 impar.

154 4071 190 4080 -
213 4044 253 4091 Ibi
274 4045 338 4092 enirn
358 4038 493 4110 appellatus
519 4059 555 4096 est
576 4048 663 4098 flamen
742 4069 766 4099 a.
786 4057 815 4101 P.
834 4057 986 4121 Sempronius
1002 4063 1148 4124 proconsul,
1166 4064 1211 4126 qui
