2768 4574
177 338 299 448 atta:
358 361 450 427 aua.
478 362 619 428 xxix.
647 360 752 428 car.
779 361 865 427 xu.
892 362 999 429 xur.
1134 362 1204 458 459

150 506 219 578 pax
241 482 469 568 conveniret,
486 479 531 550 ab
550 504 634 578 rege
658 479 787 551 foederi
807 479 975 577 adscripti
1001 485 1123 553 Prusia
1146 486 1202 553 Bi·

150 591 282 689 thyniae
300 615 384 678 rex,
404 590 536 677 Achaei,
553 591 686 675 Boeoti,
697 588 875 674 Thessali,
890 593 1110 681 Acarnanes,
1126 595 1204 690 Epi·

149 717 260 773 rota:
286 701 332 772 ab
357 702 526 772 Romanis
545 701 711 786 Ilienses,
735 698 873 769 Attalus
895 723 978 784 rex,
999 700 1203 792 Pleuratus,

149 811 259 882 Nabis
281 809 634 882 Lacedaemoniorum
661 825 860 906 tyrannus,
891 808 987 896 Elei,
1014 813 1203 900 Messenii,

149 924 394 994 Athenienses.
416 927 498 990 Haec
521 921 725 1018 conscripta
741 921 1021 1015 consignataque
1039 934 1145 1004 sunt,
1168 937 1205 990 et

148 1034 187 1103 in
206 1033 296 1103 duos
314 1054 455 1101 menses
473 1029 626 1101 induciae
640 1028 760 1117 factae,
779 1028 895 1099 donec
913 1033 1063 1099 Romam
1083 1031 1203 1099 mitte·

149 1156 275 1212 rentur
293 1141 420 1236 legati,
439 1155 480 1210 ut
505 1140 662 1237 populus
683 1141 720 1210 in
746 1139 811 1208 has
830 1138 1057 1210 conditiones
1078 1163 1203 1236 pacem

54 1339 57 1348 Ι
146 1249 311 1345 juberet:
326 1252 585 1346 jusseruntque
606 1274 731 1320 omnes
756 1247 888 1338 tribus,
909 1251 1014 1346 quia,
1040 1273 1143 1320 verso
1166 1250 1203 1317 in

149 1357 303 1430 Africam
322 1358 434 1448 bell0,
450 1358 621 1431 omnibus
640 1360 716 1430 aliis
733 1361 771 1428 in
785 1360 972 1456 praesentia
985 1359 1094 1431 levari
1106 1359 1205 1430 vole·

149 1468 236 1540 bant
251 1468 365 1541 bellis.
382 1475 417 1540 Ρ.
428 1470 680 1566 Sempronius,
698 1493 786 1566 paee
799 1467 907 1556 sacta,
919 1468 964 1539 ad
979 1468 1204 1540 consulatum

148 1583 297 1649 Romam
316 1579 478 1651 decessit.

189 1689 291 1760 XIII.
312 1693 349 1759 P.
362 1691 593 1786 Sempronio,
607 1695 654 1761 M.
673 1689 842 1760 Cornelio
859 1686 1068 1758 consulibus
1080 1688 1204 1784 (quin-
1227 1713 1233 1726 ·

149 1812 207 1869 tus
220 1798 380 1869 decimus
394 1801 424 1868 is
437 1823 553 1869 annus
568 1799 691 1898 punici
702 1797 788 1868 belli
801 1797 891 1893 erat)
901 1797 1109 1895 provinciae,
1120 1803 1206 1907 Cor-

149 1909 245 1979 uelio
259 1910 399 1979 Etruria
412 1932 495 1978 cum
509 1924 629 1981 vetere
641 1911 801 1980 exercitu
811 1910 1058 2004 ¹,Sempr0ni0
1064 1911 1203 1996 Bruttii,

149 2033 190 2087 ut
216 2044 328 2116 novas
362 2020 532 2092 scriberet
564 2020 742 2117 legiones,
773 2018 936 2089 decretae.
966 2018 1203 2104 Praetoribus,

148 2131 196 2196 Μ.
211 2130 345 2199 Marcio
363 2127 522 2216 urbana,
539 2134 577 2199 L.
594 2127 785 2200 Scribonio
797 2127 929 2199 Liboni
945 2131 1152 2225 peregrina,
1170 2143 1205 2198 et

148 2237 266 2309 eidem
279 2238 409 2325 Gallia,
424 2242 472 2308 M.
489 2239 689 2336 Pomponio
702 2237 868 2307 Mathoni
882 2237 1022 2325 Sicilia,
1037 2239 1087 2308 Ti.
1101 2237 1205 2309 Clau·

149 2347 209 2418 dio
224 2350 360 2420 Neroni
379 2347 541 2419 Sardinia
558 2349 688 2418 evenit.
708 2352 743 2417 P.
765 2347 922 2444 Scipioni
941 2371 1024 2417 cum
1041 2370 1085 2417 eo
1102 2371 1205 2418 exer-

148 2459 240 2544 citu,
261 2482 344 2529 cum
363 2483 404 2528 ea
423 2458 553 2544 classe,
586 2481 694 2552 quam
715 2454 888 2542 habebat,
912 2471 1141 2554 prorogatum
1168 2459 1205 2555 in

147 2592 286 2638 annum
305 2571 496 2667 imperium
515 2587 567 2642 est
593 2598 601 2641 τ
627 2573 712 2642 item
735 2573 773 2638 P.
800 2570 957 2655 Licini0,
985 2583 1025 2638 ut
1049 2570 1206 2638 Bruttios

146 2700 228 2745 cum
246 2677 387 2746 duabus
403 2678 604 2775 legionibus
617 2679 817 2765 obtineret,
833 2677 953 2774 quoad
968 2701 1051 2754 eum
1066 2677 1103 2745 in
1119 2701 1204 2774 pro-

146 2785 262 2854 viucia
279 2810 362 2854 cum
378 2788 529 2883 imperio
545 2791 678 2860 morari
692 2787 831 2860 consuli
849 2813 868 2859 e
886 2785 1071 2882 republica
1089 2788 1202 2856 visum

147 2907 250 2964 esset.
269 2891 320 2963 Et
329 2899 376 2964 M.
393 2897 494 2966 Livio
509 2912 545 2967 et
563 2902 622 2995 Sp.
639 2902 827 2985 Lucreti0,
846 2921 929 2968 cum
950 2895 1045 2966 binis
1059 2890 1205 2993 legioni-

147 3003 234 3090 bus,
250 3004 383 3100 quibus
401 3003 568 3086 adversus
586 3011 777 3103 Magonem
797 3005 921 3079 Galliae
938 3005 1103 3101 prasidio
1124 3006 1204 3076 luis·

147 3128 244 3200 sent,
264 3129 496 3211 prorogatum
516 3115 708 3212 imperium
731 3131 795 3186 est.
813 3120 857 3187 Et
873 3121 939 3187 Cn.
952 3117 1121 3201 Octavio,
1141 3131 1203 3202 ut,

146 3248 261 3318 quum
275 3221 472 3294 Sardiniam
487 3224 738 3321 legionemque
750 3228 803 3296 Ti.
820 3224 971 3297 Claudio
985 3225 1204 3313 tradidisset,
1288 3268 1291 3274 ·

147 3448 279 3494 Macedoni
289 3439 413 3497 accederet
425 3466 455 3496 ex
469 3449 563 3498 emend.
573 3452 652 3499 Gron.
697 3467 752 3498 cum
769 3452 811 3515 Sp.
822 3450 935 3498 Lucretio
948 3451 1204 3512 conjunxisseullulr.
1227 3505 1229 3509 y

147 3525 300 3572 Macedonia·
308 3527 495 3592 cederetoptimi
502 3530 572 3576 MSS.
580 3532 652 3577 Forte
697 3530 754 3578 coll.
767 3530 896 3586 XXVIII,
914 3529 959 3587 463
976 3522 1079 3587 XXIX,
1093 3530 1116 3576 5.
1135 3531 1203 3580 Idem

146 3604 192 3665 leg.
204 3603 358 3651 Macedonia
368 3608 501 3654 accederet.
696 3620 720 3656 ct
734 3609 811 3656 Drak.
823 3623 883 3654 mox
897 3603 963 3674 conj.
978 3619 1002 3654 et
1014 3619 1041 3654 ut
1053 3599 1125 3655 nouas
1132 3643 1140 3666 ,
1156 3621 1204 3661 etc.

180 3682 241 3728 Car.
250 3683 321 3727 XIII.
335 3699 356 3731 r.
370 3684 480 3732 Cornelio
489 3685 589 3732 Etruria
599 3702 653 3732 cum
696 3715 731 3724 -
742 3689 777 3734 M.
790 3684 880 3734 Marcio
893 3685 989 3732 urbana
1003 3687 1093 3743 carnin
1105 3687 1161 3735 vide
1171 3690 1204 3738 ad

146 3760 356 3816 commeaveram,
375 3763 481 3821 scilicet,
499 3764 600 3811 duarum
612 3780 653 3811 ur·
697 3770 823 3824 11,t,o,n.
835 3781 859 3827 9.
869 3791 903 3800 -
913 3764 1003 3826 Quoad
1010 3764 1102 3812 lucrari
1111 3769 1206 3816 consuti

145 3837 259 3884 baliarum
285 3837 422 3898 legionum,
443 3859 503 3904 quas
527 3845 563 3890 M.
582 3842 653 3889 Vale·
697 3844 849 3908 erepublica
863 3842 943 3889 visum
956 3854 1031 3898 esset,⁸
1047 3843 1097 3891 vid.
1113 3847 1204 3908 xxlt,

146 3918 195 3962 tius
218 3914 329 3960 Laevinus
351 3920 475 3979 superiore
493 3936 558 3967 auno
582 3922 652 3968 Arre·
697 3919 1203 3988 39,n.1.-EtM.Livio...pr0rogaeum

146 3997 206 4042 tium
221 3993 334 4049 duxerat,
347 4010 420 4055 quum
436 3998 471 4042 M.
482 3999 652 4055 Livius,rxer-
696 4001 820 4063 imperium
833 3999 903 4045 estin
915 3997 993 4045 Gallia
1007 3996 1132 4066 (vid.cap.
1140 4004 1165 4063 5,
1179 4016 1203 4051 et

146 4077 196 4123 citu
206 4073 320 4122 volonum
330 4072 354 4118 in
366 4073 466 4121 Galliam
479 4075 567 4133 ducto,
582 4095 607 4123 se
617 4078 651 4124 ihi
699 4080 825 4137 xxvnt,
841 4092 884 4136 ιο,
906 4077 971 4143 46);
989 4077 1077 4145 εεάοοι
1093 4097 1146 4147 cap.
1162 4083 1205 4143 37,
