2768 4574
190 122 209 159 ‚.

181 286 305 401 tiz-333:
368 307 518 375 utana
546 307 724 376 xxvm.
751 307 854 374 car.
881 306 1013 374 xcvi.
1137 303 1211 385 aar

156 452 364 525 oppugnare
380 454 387 495 :
403 442 438 498 et
455 427 640 500 crescebat
658 428 833 499 exercitus
851 427 890 495 in
906 425 1001 509 dies,
1020 421 1209 495 adsumam

156 539 313 609 nominis
332 539 409 633 ejus
428 538 538 609 Gallis
555 537 717 634 undique
740 533 1016 607 confluentibus.
1036 537 1085 604 Ea
1100 534 1210 604 literis

157 649 300 745 cognita
311 652 370 745 Sp.
382 650 551 735 Lucretii,
563 674 609 718 ne
622 643 1000 731 frustra,Hasdrubale
1015 668 1097 714 cum
1112 669 1209 714 exer·

157 760 230 828 citu
249 757 367 828 deleto
393 757 541 828 biennio
565 772 665 843 ante,
689 755 808 827 forent
827 753 950 841 laetati,
970 754 998 821 si
1026 777 1089 848 par
1110 752 1209 822 aliud

157 867 242 938 inde
265 867 418 952 bellum,
445 867 536 937 duce
555 880 695 936 tantum
717 878 872 950 mutato,
891 863 1062 945 oriretur,
1087 883 1209 928 curam

156 979 338 1073 ingentem
356 974 596 1047 accenderunt
612 973 784 1046 Patribus.
809 978 936 1069 Itaque
955 985 989 1040 et
1004 973 1052 1039 M.
1068 969 1209 1039 Livium

160 1085 411 1183 proconsulem
424 1109 467 1155 ex
476 1087 617 1156 Etruria
626 1086 800 1155 volonum
810 1082 1004 1153 exercitum
1020 1076 1211 1148 admovere

159 1191 379 1264 Ariminum⁵
396 1194 596 1289 jusserunt,
622 1209 658 1264 et
681 1198 746 1265 Cn.
767 1191 914 1263 Servilio
933 1188 1076 1287 praetori
1098 1210 1212 1283 nego-

88 1320 93 1343 ·
158 1305 248 1373 tium
263 1303 402 1390 datum,
417 1319 473 1388 ut,
484 1305 514 1374 si
533 1330 552 1375 e
568 1303 751 1401 republica
770 1314 931 1373 censeret
948 1324 1040 1382 esse,
1055 1295 1210 1367 urbanas

158 1414 335 1508 legiones,
359 1416 417 1485 oui
442 1415 592 1512 imperio
612 1413 794 1484 videretur
812 1412 918 1499 dato,
939 1435 984 1480 ex
1004 1406 1102 1479 Urbe
1128 1405 1211 1476 duci

156 1521 310 1616 juberet.
343 1526 390 1592 M.
411 1523 574 1593 Valerius
591 1524 753 1592 Laevinus
774 1521 956 1592 Arretium
975 1543 1032 1589 eas
1053 1517 1211 1612 legiones

159 1630 271 1702 duxit.
297 1631 439 1714 Eisdem
459 1631 585 1703 diebus
605 1657 713 1702 naves
738 1632 917 1703 onerarias
933 1623 1149 1699 Poenorum⁶
1167 1625 1213 1696 ad

158 1744 339 1839 octoginta
359 1745 452 1828 circa
475 1743 670 1814 Sardiniam
695 1743 740 1813 ab
764 1747 830 1814 Cn.
850 1741 1015 1824 Octavio,
1042 1739 1103 1835 qui
1126 1762 1212 1835 pro-

159 1853 284 1923 vinciae
307 1868 475 1951 praeerat,
504 1867 643 1950 captas,
674 1851 807 1923 Coelius
833 1849 1014 1920 frumento
1038 1849 1146 1917 misso
1170 1843 1212 1914 ad

159 1958 396 2031 Hannibalern
415 1976 691 2058 commeatuque
705 1976 869 2047 onustas,
884 1960 1045 2031 Valerius
1059 1955 1213 2055 praedam

161 2083 335 2139 etruscum
353 2071 599 2167 Ligurumque
617 2087 872 2141 montanorum
892 2070 1050 2166 captivos
1068 2064 1215 2136 Cartha-

160 2177 279 2273 ginem
309 2192 578 2275 perportantes,
605 2179 722 2250 tradit.
749 2186 791 2250 In
816 2179 962 2249 Bruttiis
986 2175 1075 2247 nihil
1103 2175 1215 2247 ferme

161 2313 257 2357 anno
282 2312 327 2358 eo
357 2289 589 2360 memorabile
612 2305 764 2386 gestum.
795 2290 997 2360 Pestilentia
1021 2289 1214 2358 incesserat

162 2398 238 2492 pari
253 2396 352 2467 clade
368 2399 405 2467 in
419 2401 600 2470 Romanos
616 2404 834 2496 Poenosque3
847 2401 915 2470 nisi
929 2397 1027 2496 quod
1043 2400 1215 2496 punicum

162 2508 355 2577 exercitum
370 2533 479 2605 super
495 2506 663 2580 morbum
679 2509 784 2579 etiarn
798 2506 908 2579 sames
923 2507 1051 2579 affecit.
1066 2511 1218 2602 Propter

161 2776 187 2822 in
200 2776 363 2823 Genuensium
378 2777 477 2826 ditione.
486 2777 535 2826 En.
548 2806 582 2814 -
595 2781 666 2826 Mon·
709 2779 750 2826 hic
759 2790 904 2844 potestatem
920 2779 1005 2826 factam
1022 2777 1159 2839 legionibus
1176 2792 1216 2822 ur-

163 2865 233 2900 tanos
245 2853 348 2901 institnit
360 2871 517 2920 oppugnare,·
536 2857 592 2905 edd.
606 2869 665 2906 antt.
710 2858 779 2905 banis
798 2875 830 2904 ex
845 2857 912 2905 Urbe
933 2856 1049 2904 ducendis
1067 2855 1218 2920 proeliciendi

162 2931 253 2980 iustitie.
266 2933 400 2996 Utrumque
411 2935 473 2981 bene
484 2934 581 2983 dieitur.
595 2936 666 2984 conf.
710 2953 781 3000 quem
794 2937 879 2993 vellet,
892 2952 976 2983 verum
988 2937 1020 2982 ita
1032 2947 1059 2982 nt
1069 2936 1089 2981 is
1099 2946 1154 2981 ante
1164 2935 1219 2996 lege

163 3011 236 3057 Drak.
255 3023 279 3058 et
296 3011 327 3058 ad
341 3014 438 3071 XXIV,
453 3013 499 3072 26,
512 3031 537 3063 n.
550 3030 573 3073 7.
711 3016 802 3062 curiata
811 3015 938 3078 imperium
948 3014 1076 3079 acciperet.
1087 3016 1132 3060 En.

199 3091 222 3138 5.
245 3090 362 3137 Veiorum
383 3091 516 3138 exercitam
539 3092 666 3139 admovere
746 3096 770 3141 6.
790 3093 887 3140 Eisdem
905 3093 986 3140 diebus
1004 3109 1075 3140 nares
1091 3091 1216 3138 onerarias

163 3169 299 3216 Ariminum
304 3186 314 3225 ;
323 3169 380 3216 vide
391 3169 423 3218 ad
433 3173 521 3228 xxn,
533 3172 574 3230 57,
586 3187 611 3218 n.
623 3186 666 3227 ra,
710 3173 967 3235 Poenorum...captas
979 3172 1077 3218 tradunt
1091 3171 1181 3221 Coelius
1192 3181 1216 3216 et

163 3260 187 3296 et
206 3249 286 3305 XXV,
303 3257 351 3307 24,
367 3266 392 3295 n.
406 3264 431 3310 9.
453 3276 487 3284 -
506 3251 528 3295 E
544 3249 666 3314 republica
709 3251 831 3309 Valerius,
846 3251 889 3298 sed
901 3249 1083 3305 Coeliustradit,
1095 3249 1216 3296 eusluisse

163 3344 228 3383 esse,·
243 3327 298 3375 vide
311 3327 342 3374 ad
356 3330 381 3385 l,
394 3343 436 3387 27,
448 3343 472 3375 n.
483 3328 506 3374 5.
519 3355 553 3364 -
567 3327 613 3374 Cui
622 3328 666 3374 im·
703 3327 829 3392 frumento
841 3330 924 3386 misso,
940 3339 985 3377 etc.
1000 3328 1180 3376 Rotundissirua
1193 3339 1217 3373 et

157 3404 228 3467 perio
244 3405 370 3452 videretur
386 3405 456 3461 dato,
476 3405 551 3452 immo
567 3404 614 3469 leg.
637 3421 667 3453 ex
710 3422 811 3471 prorsus
825 3408 923 3455 Liviana
934 3406 1164 3471 periodus,eMSS
1179 3422 1216 3451 re·

162 3483 221 3528 Lov.
241 3484 268 3541 3,
292 3492 321 3540 4,
341 3484 453 3547 imperio,
473 3483 513 3530 cui
528 3483 664 3540 videretur,
710 3484 1216 3547 stituenda;Gr0n.Naresoaerarice...ca-

162 3559 235 3616 dato,
256 3561 296 3607 vel
313 3579 343 3609 ex
356 3564 416 3609 Lov.
429 3562 459 3620 5,
481 3561 520 3608 eni
533 3561 664 3620 videretur,
706 3575 766 3628 prce.
774 3566 824 3611 Eas
833 3565 985 3621 catinam,
994 3564 1216 3612 edd.antt.-Car-

161 3637 259 3700 imperio
274 3639 333 3685 dato
339 3674 347 3695 ,
361 3641 455 3703 relege
470 3639 568 3686 curiata.
579 3666 614 3675 -
623 3641 667 3687 Al·
710 3641 832 3706 rhagiaem
837 3654 1005 3705 perpetrantes
1011 3677 1018 3698 ,
1028 3641 1215 3706 utperferrntes,

162 3727 278 3762 teratrum
292 3733 375 3764 verum
389 3734 440 3764 esse
454 3727 535 3764 censet
544 3717 666 3766 Drakenb.
707 3721 876 3785 perpopulati,
886 3732 1038 3785 perpacata,
1045 3733 1218 3783 percuratum

161 3811 239 3856 neque
255 3809 318 3858 opus
335 3806 363 3842 ut
383 3811 438 3841 cum
457 3795 544 3857 Pighio
560 3796 667 3860 legamus
712 3799 979 3846 Gran-Pestilentia
991 3799 1120 3845 incesserat
1131 3799 1156 3845 in
1170 3802 1216 3846 Ilo-

162 3872 201 3920 cai
218 3874 311 3936 populo
333 3872 457 3920 uideretur
478 3874 577 3938 imperio
600 3875 667 3923 dato.
711 3893 811 3933 manos,
827 3890 854 3925 ut
864 3880 964 3936 XXIX,
978 3894 1052 3942 repr.
1065 3880 1135 3926 Conl.
1144 3896 1217 3943 snpra

163 3954 253 4014 Sponte
264 3952 327 3998 enim
338 3963 419 4014 patet,
431 3964 458 4000 ut
469 3956 564 4004 monuit
574 3957 668 4002 Grono·
711 3956 743 4002 ad
753 3955 841 4001 librum
851 3958 874 4014 I,
889 3973 941 4019 cap.
953 3958 995 4013 31,
1008 3973 1031 4003 n.
1043 3965 1071 4012 4,
1085 3969 1108 4004 et
1122 3958 1163 4005 lib.
1178 3961 1215 4013 11,

164 4031 227 4088 vius,
245 4031 279 4078 ita
297 4030 480 4094 intelligendum
499 4050 551 4080 esse
569 4035 667 4097 praetori
712 4050 764 4096 cap.
778 4050 820 4092 27,
831 4051 855 4082 n.
870 4049 908 4082 10.
