2768 4574
106 429 108 434 ¹
185 317 308 423 tter
387 338 535 405 utana
567 338 988 404 xxvucaexut.
1146 336 1209 408 311
1277 295 1280 299 ’

159 472 272 530 erant.
284 461 406 527 Castra
420 458 551 554 punica
565 480 606 527 ac
621 479 771 525 romana
787 456 882 525 inter
895 454 1035 546 jacebat
1049 479 1197 553 campus
1205 473 1220 544 3‘

159 567 269 637 colles
287 565 525 636 imminebant
543 565 632 635 nudi
653 566 797 636 sinistro
820 565 921 634 lateri
942 563 1216 662 Carthaginien-

160 678 273 763 sium,
302 676 430 748 dextro
457 681 724 762 Romanorum,
750 675 888 745 neutris
913 675 1088 768 suspecti,
1116 675 1216 770 quod

159 784 246 855 nihil
273 786 367 856 silvae
391 809 511 880 neque
535 785 579 855 ad
605 784 751 855 insidias
777 782 995 854 latebrarum
1020 781 1213 855 habebant.

159 900 201 965 In
224 894 345 966 medio
372 919 501 992 campo
523 894 568 964 ab
590 892 807 965 stationibus
830 906 1083 990 procursantes
1102 907 1217 963 certa·

158 1007 270 1091 mina,
289 1004 386 1075 haud
407 1006 490 1075 satis
511 1004 619 1101 digna
635 1004 755 1088 dictu,
773 1002 937 1074 ferebant
952 1030 959 1072 ε
975 1002 1013 1073 id
1027 1002 1137 1084 modo
1150 1008 1219 1072 Ro-

157 1133 305 1185 manum
323 1139 482 1211 quaerere
503 1112 719 1212 apparebat,
739 1139 786 1184 ue
805 1112 902 1183 abire
923 1111 1063 1183 hostem
1079 1125 1218 1208 patere·

158 1240 226 1296 tur.
247 1224 441 1314 Hannibal,
459 1225 543 1296 inde
561 1223 713 1297 evadere
730 1225 900 1322 cupiens,
919 1224 1004 1294 totis
1023 1220 1159 1292 viribus
1178 1224 1216 1292 in

159 1337 272 1406 aciem
283 1333 534 1406 descendebat.
546 1340 638 1405 Tum
651 1335 797 1422 consul,
811 1336 956 1431 ingenio
968 1333 1102 1405 hostis²
1117 1358 1216 1419 usus,

159 1471 234 1542 quo
251 1447 373 1517 minus
390 1446 429 1516 iu
446 1459 519 1516 tam
541 1447 673 1542 apertis
691 1444 844 1516 collibus
861 1447 980 1516 timeri
997 1443 1137 1515 insidiae
1152 1468 1216 1542 po-

158 1570 293 1644 terant,
308 1557 472 1652 quinque
486 1556 671 1645 cobortes,
686 1555 814 1626 additis
827 1558 990 1653 quinque
1005 1554 1216 1652 manipulis,

159 1679 267 1736 nocte
281 1666 409 1760 jugum
430 1689 619 1763 superare,
640 1667 733 1736 etin
755 1667 885 1737 aversis
903 1662 1077 1749 vallibus³
1098 1665 1216 1736 eonsi-

115 1820 118 1827 -
160 1775 248 1844 dere
260 1775 375 1870 jubet.
395 1780 551 1872 Tempus
572 1775 787 1872 exsurgendi
811 1800 856 1846 ex
877 1776 1017 1847 insidiis·
1034 1791 1072 1847 et
1091 1766 1219 1872 aggress

159 1885 281 1955 diendi
303 1885 445 1957 hostem
467 1889 519 1957 Ti.
536 1886 727 1959 Claudium
745 1885 904 1957 Asellum
920 1886 1107 1957 tribunum
1127 1884 1216 1953 mili·
1245 1912 1250 1928 ¹

158 2009 289 2066 tumet
310 2003 346 2066 P.
363 1996 554 2069 Claudium
574 1995 784 2094 prefectum
801 1998 938 2068 socium
957 1996 1103 2084 edocet,
1123 2017 1217 2090 quos

159 2128 241 2175 cum
257 2107 299 2176 iis
316 2106 491 2177 mittebat.
513 2113 594 2204 Ipse
609 2109 689 2179 luce
703 2109 819 2205 ‘prima
840 2109 962 2205 copias
976 2097 1102 2178 om'nes
1117 2104 1216 2202 pedi-

158 2228 236 2285 tum
260 2218 497 2313 equitumque
521 2218 559 2285 in
584 2219 697 2288 aciem
725 2212 858 2288 eduxit.
877 2216 989 2287 Paulo
1013 2211 1215 2312 post-etah

106 2312 120 2323 ’
160 2326 362 2398 Hannibale
380 2329 522 2424 signum
538 2351 666 2424 pugnae
680 2328 909 2424 propositum
924 2341 994 2411 est,
1009 2326 1216 2419 clamorque

160 2437 199 2506 in
221 2439 344 2508 castris
366 2437 413 2507 ad
434 2461 532 2508 arma
556 2436 838 2508 discurrentium
857 2430 910 2506 est
931 2434 1115 2506 sublatus:
1129 2433 1218 2504 lude

161 2569 273 2640 eques
292 2547 478 2643 pedesque
496 2549 658 2619 certatim
675 2547 790 2643 portis
807 2566 932 2624 ruere,
954 2566 995 2613 ac
1024 2543 1132 2638 palati
1153 2566 1219 2638 per

160 2646 329 2748 campum
347 2678 544 2749 properare
566 2654 611 2724 ad
626 2654 748 2725 hostes
764 2681 771 2722 :
788 2670 882 2748 quos
901 2651 966 2722 ubi
983 2649 1116 2721 effusos
1135 2676 1218 2721 con-

161 2760 216 2829 sul
230 2760 346 2847 videt,
361 2759 511 2831 tribuno
524 2762 678 2832 militum
694 2763 806 2832 tertiae
816 2761 967 2856 legionis
984 2764 1023 2831 C.
1035 2765 1218 2830 Auruncu·

160 2869 231 2939 leio
246 2871 416 2966 imperat,
432 2885 472 2939 ut
488 2872 628 2966 equites
641 2872 810 2968 legionis,
826 2884 965 2965 quanto
980 2871 1137 2939 maximo
1155 2871 1222 2965 im(

155 3073 235 3122 prope
243 3057 378 3121 injmrctum
393 3055 454 3121 (rid.
464 3057 496 3104 ad
506 3059 551 3118 IV,
564 3073 594 3120 9,
606 3075 631 3106 n.
641 3059 667 3124 8)
747 3063 771 3108 3.
791 3063 821 3107 In
840 3060 928 3107 aversis
946 3060 1067 3118 vallibus,
1088 3079 1142 3126 quae
1161 3075 1219 3126 post

159 3135 292 3184 videbatur
306 3138 436 3183 Poertorum
447 3136 558 3193 vallum,
569 3154 600 3184 ex
614 3138 668 3202 opi·
708 3140 794 3204 jugum
809 3139 848 3187 vel
866 3139 941 3187 colles
952 3139 1077 3200 jacebant3
1091 3142 1165 3189 Drak.
1180 3142 1218 3192 cf.

160 3215 234 3262 nione
246 3218 414 3263 Romanorum
430 3213 509 3263 bostis
520 3227 598 3264 eastra
608 3231 666 3281 pro-
710 3216 787 3277 adv,
799 3216 846 3280 ὃς),
856 3235 881 3266 ιι.
894 3232 916 3266 t.
934 3245 969 3255 -
984 3220 1047 3267 Mox
1057 3220 1140 3284 plures
1156 3223 1218 3268 Dra·

160 3294 201 3341 cul
217 3294 458 3358 contemplantium:
479 3294 523 3342 sed
540 3311 622 3343 revera
644 3297 668 3342 D
710 3296 854 3345 kenborchti
870 3299 932 3346 MSS
949 3298 1008 3346 dant
1024 3296 1136 3362 aggredi,
1152 3284 1220 3362 quod

158 3388 244 3435 passus
261 3372 407 3430 intererant,·
422 3374 533 3422 Gronov.
548 3401 583 3413 -
600 3374 671 3423 Nittt
710 3378 758 3440 ipsi
767 3392 818 3424 non
828 3374 1049 3441 displicetzrieque
1058 3378 1220 3426 constructio·
1263 3426 1266 3430 .

160 3450 242 3507 silva,
266 3467 344 3516 neque
365 3453 530 3510 latebrarum,
551 3465 578 3502 ut
604 3470 668 3519 saepe
710 3456 749 3502 nis
760 3456 874 3514 mutatio,
887 3467 977 3519 tompus
988 3455 1135 3520 exsurgendi
1144 3468 1168 3502 et
1176 3472 1221 3521 ag·

123 3576 126 3588 ,
161 3544 205 3575 nec
211 3563 219 3585 ,
237 3546 315 3594 neque
325 3532 463 3595 similesque
473 3533 598 3597 particulae
611 3545 668 3597 post
708 3534 781 3598 gredi
791 3533 916 3581 offendere
929 3532 1009 3582 debet.
1021 3537 1057 3582 Ita
1071 3536 1136 3582 enim
1148 3545 1221 3599 supra

160 3607 314 3669 negationem
323 3627 370 3675 pro
378 3612 459 3676 simpl.
467 3611 585 3678 particula
595 3628 669 3678 copu-
711 3613 823 3670 fere-VI,
834 3621 883 3670 24,
897 3629 946 3659 non
958 3613 1117 3678 castigando,
1133 3614 1178 3660 sed
1189 3615 1220 3662 ab

160 3686 227 3733 laute
234 3686 274 3734 vel
282 3688 436 3754 disjungente
447 3703 589 3755 ponuntur3
602 3691 667 3741 Duk.
712 3689 812 3755 imperio
830 3702 894 3738 totus
910 3691 947 3737 ad
958 3706 1044 3755 preces
1060 3708 1145 3739 versus
1164 3707 1222 3739 ora·

162 3776 186 3812 et
198 3765 272 3813 nuk.
286 3767 357 3816 Conl.
368 3771 407 3828 11,
421 3771 466 3829 30,
480 3787 506 3819 n.
518 3779 546 3831 43
561 3772 607 3831 IV,
622 3773 668 3831 tie,
711 3785 750 3826 re,
765 3780 811 3816 etc.
825 3769 901 3816 Omni
916 3762 1051 3817 ratioue'id
1067 3770 1158 3834 ubique
1172 3771 1222 3835 egit

162 3860 187 3892 n.
198 3844 226 3902 33
242 3844 294 3893 Cic.
312 3846 396 3893 Parad.
410 3849 437 3905 1,
454 3856 483 3907 ις
500 3850 596 3899 Sallust.
614 3852 667 3901 Cat.
711 3847 806 3908 Livius,
819 3856 848 3896 ut'
859 3849 995 3897 orationem
1008 3850 1094 3913 quavis
1107 3851 1222 3899 varietate

160 3924 424 3988 etJug.41‚53‚63,
440 3927 481 3974 tt.
713 3926 858 3992 distinguat
872 3928 897 3976 Si
920 3927 975 3991 quis
996 3940 1077 3977 tamen
1097 3930 1223 3995 vulgatum

197 4018 222 4048 ι.
234 4002 335 4067 Ingenio
346 4001 433 4060 hostis,
444 4005 515 4054 tolita
525 4007 670 4057 Hanm'btlis
712 4016 827 4072 praestare
841 4004 986 4066 conteddat‚
1004 4009 1094 4058 latetur
1108 4008 1183 4057 Drak.
1198 4020 1223 4056 se

162 4091 226 4140 arte,
241 4080 381 4129 calliditate.
631 4124 633 4128 .
714 4085 958 4135 nonsummum.
