2768 4574
188 298 314 402 32:332
364 314 522 381 crana
555 315 679 379 xxv.
708 313 816 380 cle.
846 313 1057 380 xxxvii.
1181 312 1228 408 89

162 438 267 508 ducia
286 437 340 507 sui
357 436 457 515 victis
471 459 512 504 ac
528 431 673 531 fugatis,
690 432 770 529 quis
789 433 985 530 imperator
996 432 1141 504 duobus
1156 436 1227 504 Sci·

161 547 333 645 pionibus
352 548 448 617 caesis
466 545 675 630 exstitisset,
697 543 776 639 quis
795 545 918 616 castris
938 533 1124 640 praeesset,
1144 546 1227 640 quis

162 658 305 754 signum
326 655 480 727 dedisset
499 680 648 753 pugnae,
665 652 710 723 ad
727 651 803 722 haec
821 667 964 723 tottam
980 656 1226 751 necopinata,

161 766 281 863 primo
296 766 461 836 omniurn
479 766 606 835 incerti
624 777 883 859 stupentesque
899 762 1061 834 referunt
1076 765 1227 861 pedem,

161 875 264 963 dein,
284 874 398 946 valida
418 876 654 971 impressione
676 873 785 970 pulsi,
805 887 905 970 terga
923 886 1079 942 vertunt.
1099 878 1145 943 Et
1165 888 1228 944 aut

161 985 378 1084 fngientium
400 985 514 1057 caedes
532 983 628 1055 foeda
646 975 791 1071 fuisset,
816 999 877 1055 aut
899 985 1110 1055 temerarius
1129 986 1227 1080 peri-

161 1096 379 1192 culosusque
399 1097 631 1190 sequentium
650 1097 824 1191 impetus,
839 1095 878 1163 ni
899 1096 1054 1164 Marcius
1071 1119 1227 1192 propere

159 1208 323 1303 receptui
348 1206 504 1278 dedisset
525 1208 686 1304 signum,
706 1206 959 1303 obsistensque
980 1204 1027 1274 ad
1045 1206 1159 1301 prima
1181 1205 1227 1276 si·
1305 1242 1309 1251 t

161 1342 252 1414 gna,
277 1317 453 1414 quosdam
480 1332 516 1389 et
540 1319 617 1416 ipse
639 1319 821 1406 retinens,
847 1318 1060 1388 concitatam
1082 1334 1228 1412 repres-

161 1428 262 1498 sisset
277 1429 399 1499 aciem.
421 1429 511 1500 lnde
527 1430 566 1499 in
584 1428 697 1500 castra
718 1430 841 1499 avidos
858 1428 976 1499 adhuc
994 1425 1171 1522 caedisque
1191 1439 1227 1496 et

160 1541 343 1635 sanguinis
360 1539 515 1611 reduxit.
536 1540 867 1638 Carthaginienses,
887 1539 1026 1636 trepide
1045 1538 1163 1635 primo
1182 1536 1228 1607 ab

159 1647 318 1722 hostium
335 1652 430 1723 vallo
449 1655 533 1741 acti,
554 1668 746 1750 postquam
766 1653 951 1724 neminem
969 1650 1112 1745 insequi
1128 1647 1227 1718 vide-

158 1776 265 1850 runt,
282 1777 383 1834 metu
398 1762 598 1834 substitisse
616 1766 705 1853 rati,
723 1763 960 1859 contemptim
973 1785 1097 1830 rursus
1116 1773 1152 1829 et
1171 1783 1226 1828 se-

91 1932 95 1941 .
159 1862 243 1942 dato
261 1871 377 1968 gradu
393 1874 431 1941 in
447 1888 561 1944 castra
575 1873 722 1945 abeunt.
738 1880 805 1944 Par
820 1871 1035 1968 negligentia
1049 1870 1088 1938 in
1104 1868 1227 1939 castris

159 1981 406 2066 custodiendis
424 1980 492 2052 fuit
508 2010 516 2052 :
532 2008 637 2072 narn,
660 1986 727 2055 etsi
748 1983 978 2080 propinquus
996 1979 1109 2050 hostis
1128 1993 1225 2065 erat,

159 2104 280 2160 tamen
307 2090 477 2186 reliquias
503 2116 586 2162 eum
613 2117 688 2162 esse
713 2091 870 2161 duorum
895 2091 1119 2161 exercituum
1142 2103 1226 2159 ante

158 2225 294 2297 paucos
326 2201 402 2272 dies
426 2201 627 2272 deletorum
651 2201 881 2273 succurrebat
893 2197 918 2270 ⁵.
941 2201 999 2271 Ob
1021 2199 1230 2296 hocquum

159 2313 282 2382 omnia
294 2313 457 2410 neglecta
470 2312 566 2411 apud
578 2313 701 2385 hostes
713 2327 847 2400 essent,
861 2313 1054 2411 exploratis
1068 2314 1125 2398 iis,
1138 2317 1228 2382 Mar-

158 2423 235 2493 cius
258 2422 303 2493 ad
326 2424 537 2512 consilium,
560 2426 676 2522 prima
701 2426 819 2522 specie
843 2425 1074 2496 temerarium
1094 2425 1226 2521 magis,

159 2559 268 2630 quam
283 2535 416 2624 audax,
430 2537 590 2606 animum
605 2537 752 2631 adjecit,
768 2552 808 2607 ut
823 2536 920 2607 ultro
938 2549 1050 2606 castra
1064 2535 1226 2605 hostium
1258 2534 1261 2540 ’

158 2659 387 2741 oppugnaret
402 2672 410 2714 :
425 2643 564 2716 facilius
579 2672 655 2718 esse
668 2661 784 2732 ratus,
805 2648 912 2716 unius
926 2645 1156 2717 Hasdrubalis
1169 2671 1228 2717 ex·
1292 2688 1296 2697 ι

159 2754 313 2848 pugnari
336 2767 468 2842 castra,
492 2782 619 2853 quam,
640 2758 669 2827 si
689 2780 727 2827 se
749 2782 872 2827 rursus
892 2770 964 2826 tres
988 2757 1166 2827 exercitus
1186 2780 1227 2825 ac

158 2871 232 2932 tres
249 2860 357 2933 duces
373 2865 598 2958 junxissent,
617 2893 680 2938 sua
697 2864 865 2938 defendi:
883 2866 1080 2953 simulant,
1099 2867 1128 2935 si
1145 2890 1227 2935 suc-

159 2965 321 3045 cessisset
339 2977 484 3071 coeptis,
507 2993 738 3075 recepturum
767 3003 804 3048 se
825 2975 973 3047 afflictas
994 3002 1072 3066 res;
1092 2990 1174 3065 aut,
1199 2977 1227 3046 si

159 3210 222 3258 que3
239 3193 297 3241 vide
313 3193 344 3241 ad
358 3196 411 3254 111,
430 3202 472 3255 47,
491 3211 516 3242 n.
531 3195 555 3242 5.
572 3196 667 3259 Copula
712 3199 839 3255 currebat,-
853 3199 909 3246 vide
923 3199 954 3246 ad
964 3201 996 3258 V,
1011 3197 1098 3257 54,n.
1113 3198 1226 3244 2.-Si
1281 3225 1284 3229 ι

157 3274 280 3336 postulat,
294 3273 402 3338 suppleri
418 3273 574 3337 requirebant
586 3274 624 3321 vel
637 3276 669 3322 si·
712 3277 860 3325 successisset
870 3277 967 3341 coeptis;
982 3277 1038 3324 vide
1047 3276 1079 3323 ad
1085 3277 1161 3334 VIII,
1176 3271 1224 3335 25‘,

157 3351 214 3399 mile
228 3352 350 3411 verbum:
368 3353 416 3399 nisi
435 3353 481 3416 leg.
499 3352 668 3411 mirabundis;
712 3371 739 3404 n.
752 3358 782 3414 6,
796 3359 905 3414 etxxt,
918 3373 941 3416 7,
955 3364 1013 3411 uls.
1022 3384 1056 3392 -
1067 3358 1225 3420 decepturum

139 3440 142 3446 ·
158 3430 223 3477 Duk.
234 3430 423 3495 Mirabundique
433 3433 504 3495 jungi
517 3444 600 3497 potest
613 3449 668 3480 cum
713 3451 739 3482 se
751 3434 858 3502 afflictas
875 3453 932 3483 res:
945 3436 988 3482 sed
999 3452 1037 3482 res
1053 3436 1161 3492 antisse,
1175 3452 1227 3483 non

159 3523 227 3571 seqq.
240 3508 346 3574 referunt
352 3511 447 3574 pedem.
461 3511 544 3560 Sedet
556 3513 608 3576 ipse
620 3529 670 3560 ma·
714 3514 815 3582 afflictae
830 3516 906 3580 recipi
920 3516 1048 3573 dicuntur,
1064 3530 1089 3565 et
1100 3516 1163 3563 forte
1178 3516 1226 3579 leg.

158 3585 202 3633 lim
213 3586 293 3651 legere
306 3589 456 3638 mirabundi}
463 3626 470 3648 ,
487 3603 510 3639 et
523 3602 581 3655 post
596 3591 669 3639 verba
714 3605 847 3641 erecturum
857 3611 912 3642 cum
924 3595 1000 3641 Periz.
1015 3605 1057 3641 ant
1068 3595 1152 3658 potius
1164 3593 1227 3658 refe·

158 3664 263 3714 dedisset
270 3684 361 3731 pugnoe
374 3670 478 3740 στιγμὴν
490 3669 583 3723 τελείαν
594 3691 670 3739 pone·
713 3684 806 3720 crurum
817 3689 873 3720 cum
882 3673 947 3720 nuk.
959 3674 1062 3721 etDralr.
1070 3673 1162 3721 Contra
1169 3674 1229 3722 Erus

158 3761 193 3791 re.
205 3745 268 3792 Mox
276 3757 327 3792 tam
337 3751 493 3813 necopinata
504 3750 564 3815 (hoc
575 3753 670 3809 est,iu-
712 3762 808 3808 monet,
823 3751 921 3820 reficere
934 3752 1014 3798 minus
1027 3752 1174 3816 respondere
1187 3751 1226 3816 af-

159 3823 271 3888 opinata,
284 3836 312 3871 ut
321 3829 356 3885 11,
371 3845 418 3888 2²3
431 3831 516 3887 XXV,
527 3838 574 3889 24,
585 3847 610 3880 n.
621 3832 667 3889 38;
707 3830 796 3897 slidis,
808 3830 856 3877 boc
869 3843 918 3890 est,
926 3832 1054 3896 projectis,
1065 3833 1229 3896 proculcatis,

158 3904 258 3960 xxv1,
272 3902 302 3949 51
318 3903 365 3970 al.)
376 3923 407 3954 ax
419 3908 513 3957 emend.
528 3910 611 3973 Sigon.
621 3926 668 3974 pro
713 3910 743 3956 ad
754 3921 840 3957 terram
851 3910 955 3969 adactis,
967 3912 1103 3970 inclinatis,
1113 3928 1184 3974 quam
1192 3928 1228 3959 re-

157 3983 210 4046 jam
221 3998 246 4028 er.
713 3988 803 4052 erpere,
824 3989 851 4037 id.
866 4002 916 4051 est,
931 3992 1067 4057 suscipere,
1085 3993 1226 4050 sublevare,
1327 4043 1331 4048 f

124 4129 127 4135 Ι
195 4061 218 4108 5,
234 4062 323 4110 Tamen
335 4062 451 4128 reliquias
462 4082 515 4114 eum
526 4083 669 4116 esse...suc-
713 4068 812 4133 erigere.
