2768 4574
1114 268 1138 304 Α.
1148 268 1163 304 C
1184 267 1228 304 205.

1115 327 1138 365 u.
1147 327 1168 364 C.
1180 328 1226 376 5⁶7·

120 262 123 271 ’
196 296 267 376 420
606 289 643 353 r.
676 288 814 354 mvn

194 443 210 477 ι(
225 411 334 481 vestri
347 406 538 486 commoda
553 404 778 491 tribuerunt,
797 430 838 475 ea
856 419 933 475 rata
952 419 1061 501 atque
1078 419 1253 501 perpetua

193 551 210 586 α
224 520 434 607 auctoritate
453 530 570 586 vestra
588 514 769 605 faciatis»
793 519 944 616 Senatus
967 514 1090 611 legatis
1114 519 1254 610 Sagun·

193 632 277 701 tinis
301 626 508 725 respondit,
528 631 579 697 Et
595 626 752 696 dirutum
780 641 817 695 et
832 632 1031 696 restitutum
1053 629 1253 720 Saguntum

188 739 283 832 fidei
297 736 439 808 socialis
457 742 635 832 utrimque
651 751 801 805 servatae
818 736 1071 806 documentum
1089 735 1254 805 omnibus

189 848 355 946 gentibus
362 848 458 938 fore.
479 849 570 916 Suos
589 851 821 943 imperatores
843 860 935 914 recte
954 860 988 913 et
1006 844 1131 914 ordine
1152 858 1189 912 et
1206 868 1255 916 ex,

191 957 379 1029 voluntate
402 971 548 1025 senatus
556 950 723 1045 fhcnse8,
747 954 849 1050 quod
866 957 1065 1048 Saguntum
1092 958 1253 1022 restitue-

193 1073 278 1153 rint,
299 1072 460 1162 civesque
474 1071 685 1160 saguntinos
701 1070 839 1138 servitio
858 1069 1082 1133 exemerint:
1100 1086 1256 1159 quaeque

194 1176 269 1247 alia
302 1183 353 1247 eis
379 1177 531 1271 benigne
549 1176 728 1264 fecerim,
757 1199 802 1244 ea
827 1189 993 1244 senatum
1023 1179 1074 1242 ita
1099 1172 1255 1242 voluisse

184 1287 286 1380 fieri.
301 1291 451 1356 Donum
461 1289 670 1380 permittere
688 1289 780 1353 utin
799 1282 974 1380 Capitolio
984 1297 1174 1379 ponerent.
1189 1287 1256 1352 Ln-

197 1419 261 1466 cus
283 1394 367 1466 inde
385 1394 568 1490 lautiaque
587 1393 709 1491 legatis
732 1392 885 1491 praeberi
898 1393 1014 1487 jussa,
1040 1406 1075 1463 et
1096 1393 1255 1462 muneris
1329 1451 1334 1460 .

195 1530 283 1602 ergo
304 1507 345 1575 in
360 1503 521 1602 singulos
540 1502 616 1573 (lari
629 1528 676 1573 nc
691 1504 811 1572 minus
829 1503 921 1572 dena
935 1501 1045 1571 millia
1061 1502 1171 1571 aerisa.
1187 1505 1256 1570 Le·

194 1613 356 1710 gationes
373 1611 505 1690 deinde
527 1626 664 1683 caeterae'
679 1614 717 1681 in
738 1627 902 1682 senatum
921 1610 1136 1681 introductae
1153 1610 1256 1681 audi-

194 1737 334 1818 taeque,
357 1737 393 1791 et
417 1721 626 1818 petentibus
649 1723 874 1818 Saguntinis,
893 1735 953 1809 ut,
973 1735 1153 1817 quatenus
1173 1734 1255 1790 tuto

194 1847 359 1928 possent,
379 1831 517 1901 Italiam
535 1846 734 1928 spectatum
756 1834 868 1920 irent,
888 1832 997 1902 duces
1016 1831 1109 1918 dati,
1126 1831 1254 1901 literae·

195 1967 266 2039 que
279 1932 345 2038 per
358 1940 626 2037 oppidamissae,
636 1945 863 2040 utHispanos
877 1942 1027 2012 comiter
1040 1943 1254 2038 acciperent.

223 2194 256 2242 ,8.
270 2193 342 2240 Recte
358 2201 381 2236 et
395 2190 480 2238 ordine
492 2203 517 2238 et
528 2205 560 2239 ex
575 2178 703 2240 voluntate
748 2211 790 2242 ao.
802 2198 913 2244 Donatus
922 2196 953 2242 ad
962 2197 1053 2252 XXX,
1067 2211 1107 2255 17,
1116 2195 1193 2244 intell.
1202 2196 1256 2243 loca

196 2281 293 2317 senatus
301 2268 406 2334 secisse3
419 2269 476 2317 vide
496 2271 528 2317 ad
542 2272 643 2329 XXIV,
657 2274 703 2328 31,
747 2276 774 2321 in
789 2275 888 2322 theatris
902 2286 926 2322 et
939 2291 1038 2323 munera
1051 2275 1121 2321 lauta
1132 2291 1174 2322 seu
1185 2273 1257 2320 lauti-

196 2365 221 2395 n.
233 2349 257 2394 3.
271 2375 306 2384 -
318 2350 396 2394 Locus
411 2347 468 2396 inde
480 2349 607 2414 laudaque
619 2351 704 2416 legatis
749 2353 796 2410 tia,
809 2353 841 2399 ad
849 2356 940 2401 victum
951 2355 1092 2418 spectantia.
1105 2355 1198 2401 Livium
1207 2354 1257 2400 Au·

192 2425 391 2490 praberijussa‚
404 2437 431 2474 ut
444 2427 471 2474 in
481 2439 531 2476 vet.
547 2440 704 2477 senatuscon·
749 2429 877 2477 dronicum
895 2431 982 2478 dantia
995 2431 1084 2479 dixisse
1099 2447 1145 2494 pro
1163 2431 1255 2488 lautia,

198 2505 264 2553 sulto
272 2521 312 2569 ap.
326 2506 423 2553 Gruter.
433 2508 523 2565 10111,
538 2519 562 2563 et
573 2525 612 2573 sp.
623 2510 704 2557 Ursin.

197 2583 229 2630 ad
240 2583 327 2647 Polyb.
339 2586 422 2643 XXV,
439 2585 470 2644 6,
482 2585 514 2644 6,
528 2603 614 2643 mauris
628 2588 661 2634 eis
673 2604 705 2634 ex

190 2652 303 2726 sarmada
321 2663 400 2709 Iocum
414 2663 552 2728 lautiaque,
574 2678 619 2713 etc.
637 2677 661 2713 et
679 2667 705 2711 In

192 2760 261 2792 ms.
274 2760 310 2809 gr.
325 2740 389 2802 ξένιά
400 2762 428 2794 τε
440 2745 522 2804 αὐτοῖς
535 2745 640 2813 κατόξτὸ
651 2739 706 2794 διά·

197 2837 285 2890 ταγμα
299 2820 340 2872 καὶ
356 2824 430 2874 τόπον
446 2823 595 2893 nuperrima.
610 2826 704 2875 Eodem

198 2916 286 2957 sensu,
307 2903 334 2946 ni
353 2900 438 2957 fallor,
458 2904 554 2960 Linus,
572 2904 657 2959 XLII,
673 2903 704 2959 6,

198 2977 261 3024 dixit
273 2978 336 3024 cedes
353 2979 434 3026 libera
449 2979 553 3044 hospitio
566 2980 633 3027 datae
645 2997 705 3027 sum·

193 3066 298 3121 ptusque
309 3058 416 3104 decretus
428 3058 508 3120 iegato
520 3055 651 3118 Antiochi,
662 3059 705 3105 do-

198 3149 242 3180 nee
258 3135 286 3181 in
297 3136 374 3184 Italia
391 3147 467 3192 esset,·
483 3136 572 3199 Polyb.
589 3139 705 3197 XXXII,

201 3232 249 3279 19,
264 3234 293 3276 a,
311 3205 443 3284 κατάλυμα
457 3207 557 3269 δοθῆναι
573 3213 614 3264 καὶ
633 3234 707 3285 παρο-

198 3292 260 3358 χῆν,
273 3305 298 3340 et
308 3294 389 3342 Valet.
404 3295 472 3340 Max.
482 3295 515 3350 V,
534 3310 561 3350 1,
578 3296 707 3352 r,<Prusioe

198 3372 283 3420 domus
297 3389 371 3435 quam
386 3372 479 3435 optima
493 3373 576 3419 Rornae
586 3373 708 3420 conducta

197 3462 223 3497 et
234 3450 312 3513 copice
321 3449 428 3512 publica
436 3451 555 3513 prtebitee.
572 3453 637 3499 Hinc
650 3468 706 3516 pro·

197 3527 339 3585 habitent,
358 3527 437 3578 lautia
458 3545 509 3575 non
529 3529 604 3576 modo
627 3532 707 3595 supel-

197 3611 302 3667 lectilem
323 3610 398 3658 fuisse
418 3603 517 3668 (Gloss.
535 3603 705 3677 ὶνὸομενίαν),

197 3687 241 3733 sed
252 3688 336 3745 etiarn,
346 3703 399 3750 quae
407 3687 439 3735 sd
446 3688 537 3734 victum
548 3689 705 3751 pertinerent.

197 3764 235 3810 De
251 3765 320 3820 Iocis,
344 3766 399 3814 vide
419 3765 451 3813 ad
472 3766 570 3821 XXIV,
592 3780 615 3824 7,
634 3783 658 3812 n.
679 3767 704 3812 3.

197 3843 265 3886 Loca
291 3843 603 3906 laritiaqne‘memorantur
634 3843 705 3890 etiarn

197 3919 291 3976 XXX,
311 3936 358 3979 173
378 3923 510 3980 XXXIII,
529 3930 578 3979 243
595 3923 705 3978 XXXV,

200 3997 341 4054 23;XL11‚
355 3999 383 4055 6,
398 4001 445 4059 ιω
464 4002 554 4057 nint,
573 4001 615 4058 ιω
628 4002 705 4057 xcv,

749 2521 774 2556 et
795 2509 859 2568 hanc
877 2526 963 2557 vocem
980 2526 1031 2558 esse
1049 2511 1084 2573 gr.
1103 2505 1207 2571 iarios,
1228 2524 1258 2559 ut

750 2603 809 2635 vero
825 2587 1014 2652 distingueretur
1027 2606 1039 2635 a
1055 2589 1150 2646 lotium,
1163 2605 1196 2635 au
1210 2605 1257 2653 pro

749 2683 764 2713 o
778 2667 953 2725 substitutum,
964 2679 1048 2715 monet
1059 2670 1136 2716 Gron.
1146 2669 1178 2715 ad
1187 2671 1244 2715 XLI
1250 2704 1258 2727 ,

752 2761 790 2793 ιο.
800 2748 884 2792 Festus
894 2760 900 2793 τ
916 2746 1010 2793 Damio
1022 2745 1135 2794 dicebam
1145 2750 1256 2801 Veteres,

748 2840 804 2888 quoe
812 2825 903 2871 Lentia
913 2823 1031 2873 dicimus:
1040 2827 1164 2873 deberetur
1172 2825 1257 2890 legatis

748 2902 847 2966 hospitii
852 2903 945 2968 gratia.
956 2905 1027 2953 Coni.
1036 2904 1132 2952 Salmas.
1140 2904 1171 2955 ad
1180 2905 1257 2951 Solin.

748 2984 804 3045 pagi
823 2981 893 3040 ὅπη
913 2983 1032 3030 Dodwell.
1053 2983 1168 3047 Append.
1188 2984 1257 3031 Prael.

750 3060 835 3109 Camd.
849 3077 905 3124 pag.
920 3062 983 3119 6883
994 3061 1107 3108 Beroaldi
1121 3062 1193 3111 Obss.
1200 3079 1256 3126 pag.

751 3147 814 3196 sat,
821 3141 918 3202 Bergen'
925 3141 988 3187 Diss.
997 3140 1027 3187 de
1034 3143 1132 3200 Lautiis,
1139 3142 1256 3190 Witemb.

755 3233 829 3277 1711,
844 3230 868 3265 et
878 3218 942 3283 inpr.
954 3218 1019 3265 Dnlr.
1031 3219 1063 3265 ad
1075 3220 1100 3267 h.
1115 3220 1132 3267 l.

786 3311 810 3357 9.
822 3297 932 3343 Muneris
942 3313 998 3362 ergo
1018 3297 1093 3360 (vide
1106 3297 1138 3345 ad
1151 3301 1199 3355 VI,
1215 3314 1257 3358 27,

750 3392 775 3424 n..
790 3375 818 3439 ι)
829 3375 854 3421 in
865 3376 970 3439 singulos
985 3376 1042 3424 dari
1054 3393 1085 3423 ne
1096 3376 1167 3442 (non)
1181 3377 1258 3424 minus

752 3454 816 3500 dena
832 3453 909 3500 millia
923 3455 993 3511 oeris;
1008 3457 1041 3502 cl.
1052 3457 1144 3513 XXX,
1154 3471 1182 3515 17
1195 3467 1258 3503 extr.

752 3543 777 3579 et
796 3532 871 3579 Petis.
889 3532 953 3579 Dies.
975 3533 1005 3580 de
1019 3536 1075 3580 AEre
1094 3534 1171 3598 gravi,
1185 3534 1201 3598 S
1215 3535 1257 3581 25.

749 3612 831 3658 Verba
839 3626 896 3675 ergo
904 3611 929 3658 in
940 3611 1046 3677 singulos
1055 3612 1113 3660 dari
1118 3612 1148 3659 ab
1156 3613 1257 3676 optimis

749 3690 811 3738 MSS
823 3690 924 3748 absum,
931 3703 955 3738 et
965 3692 1179 3756 interpolationem
1187 3691 1258 3738 redo-

749 3767 816 3824 lent,
830 3779 892 3815 utet
908 3769 948 3815 illa
958 3769 983 3815 in
995 3770 1101 3833 singulos
1112 3771 1203 3826 XXX,
1216 3786 1256 3830 17.

749 3847 862 3892 —Dena
873 3846 950 3894 millia
967 3848 1038 3904 aris,
1056 3848 1148 3906 idest,
1163 3849 1257 3911 argenti

749 3936 841 3970 marcas
850 3935 968 3973 nostrates
979 3926 1023 3983 15,
1036 3943 1092 3974 curn
1101 3928 1180 3974 unciis
1189 3927 1257 3989 quin

750 4018 803 4065 que.
819 4004 864 4050 En.
