2768 4574
158 362 1174 390 mmkssmmmmmmmwlmmmmmwbmmmmm
1178 373 1220 390 νὶῒ

403 551 456 636 Τ.
490 551 646 640 LIVII
682 553 953 641 PATAVIN
960 554 980 637 I

294 804 1095 961 HISTORIARUM

473 1126 528 1180 AB
555 1125 672 1181 URBE
699 1125 899 1218 CONDITA
931 1140 933 1144 '

424 1326 675 1429 LIBER
728 1326 952 1429 XXVI.

435 1578 937 1614 Μωμ-

530 1749 848 1816 BREVIARIUM.

106 1960 108 1963 ·
157 1938 225 1991 Cir.
247 1937 278 2002 13
298 1932 479 1990 Dividuntur
495 1930 653 2006 provinciae
673 1944 702 2006 et
717 1951 795 2007 xxm
816 1930 954 2009 legiones.
970 1964 1010 1976 -—
1028 1937 1075 2004 113
1096 1938 1129 1992 L.
1144 1939 1222 1992 Mar-

197 2025 276 2096 cius,
289 2037 405 2100 sumpto
417 2024 606 2101 propraetoris
620 2023 721 2094 titulo,
736 2023 860 2080 offendit
874 2029 987 2096 Patres,
1000 2037 1028 2082 et
1044 2025 1075 2082 hi
1089 2045 1154 2083 cum
1167 2028 1221 2085 tri-

195 2114 281 2173 bunis
298 2114 391 2193 plebis
411 2128 514 2193 agunt,
535 2127 567 2170 ut
585 2113 622 2170 ad
642 2113 757 2190 plebem
776 2115 886 2187 ferant,
903 2137 988 2193 quem
1010 2138 1075 2175 cum
1098 2118 1221 2196 imperio

197 2209 272 2267 mitti
292 2209 451 2287 placentin
469 2207 646 2284 Hispaniam.
666 2205 723 2265 Sed
742 2205 834 2282 plebis
853 2208 962 2265 animos
983 2223 1106 2288 occupat
1126 2224 1222 2268 certa·

195 2321 276 2373 men,
298 2321 314 2359 a
333 2305 365 2360 C.
384 2300 557 2378 Sempronio
575 2301 667 2359 Blaeso
688 2297 756 2356 trib.
774 2299 813 2377 pl.
838 2312 961 2374 motum,
979 2301 1029 2379 qui
1049 2307 1101 2362 Cn.
1118 2304 1222 2362 Fulvio

138 2436 141 2441 -
196 2395 273 2453 diem
297 2395 368 2452 dicit
390 2394 428 2452 ob
454 2394 611 2452 exercitum
638 2394 669 2450 in
693 2393 800 2471 Apulia
826 2393 970 2452 amissum.
994 2401 1119 2469 -1113
1143 2402 1222 2456 Reus

196 2487 303 2545 frustra
319 2486 356 2545 ab
372 2507 401 2545 se
416 2488 531 2565 culpam
549 2487 579 2544 in
596 2487 700 2544 milites
715 2487 909 2558 transfert,·et
922 2488 1128 2564 perduellionis
1139 2490 1221 2567 judi-

196 2593 277 2638 catus
294 2582 455 2638 exsulatum
472 2580 646 2657 Tarquinios
663 2577 730 2637 abit.
747 2614 787 2624 -
806 2583 848 2637 IV
854 2602 863 2651 ;
879 2583 979 2658 Capua
993 2581 1086 2639 acrius
1103 2581 1220 2639 obside-

197 2683 260 2743 tur,
283 2685 312 2729 et
334 2673 464 2749 equitatu
483 2693 600 2750 quoque
626 2673 760 2750 superior
784 2684 827 2730 est
852 2691 972 2730 romana
998 2694 1057 2746 res,
1083 2695 1119 2732 ex
1145 2694 1219 2752 quo,

197 2776 315 2820 auctore
334 2771 369 2837 Q.
390 2765 484 2822 Navio
503 2766 688 2836 centurione,
714 2763 860 2841 equitibus
874 2765 1074 2835 ¹immiscentur
1094 2765 1220 2842 pedites,

196 2855 335 2912 vehentes
353 2868 419 2932 post
439 2857 505 2914 illos
526 2858 665 2934 signoque
686 2857 754 2915 dato
773 2856 854 2933 equis
873 2857 1029 2934 perniciter
1047 2856 1218 2916 desilientes.

195 2984 235 2995 -
246 2953 287 3020 V3
302 2954 499 3008 Romanorum
515 2948 602 3008 duces
617 2964 646 3008 et
659 2950 769 3008 Navius
786 2951 899 3007 sortiter
914 2963 1043 3028 pugnant
1059 2970 1124 3007 cum
1138 2954 1219 3007 Cam-

196 3042 280 3118 panis
292 3053 321 3098 et
335 3039 513 3111 Hannibale,
528 3043 578 3116 qui
591 3043 626 3100 iis
639 3043 747 3101 auxilio
760 3057 889 3101 venerat.
902 3078 942 3088 —
951 3048 1007 3114 VI3
1024 3042 1153 3101 Tandem
1169 3042 1219 3100 ob-

107 3142 111 3151 '
196 3137 266 3191 sessi
283 3123 422 3209 Poenique
445 3133 603 3208 sugantur:
623 3148 652 3193 et
670 3136 802 3192 ultimum
823 3136 879 3193 hoc
898 3137 1029 3214 praelium
1050 3149 1115 3193 ante
1134 3134 1224 3193 dedi-'

197 3227 304 3284 tionem
329 3231 456 3303 Capuae,
480 3224 624 3302 hujusque
653 3227 769 3284 ultimus
796 3241 838 3285 est
865 3228 1068 3287 medixtuticus
1097 3227 1219 3304 Seppius

196 3322 309 3391 Lesius,
326 3319 415 3376 homo
432 3317 589 3390 obscurus,
605 3320 656 3396 qui
673 3339 818 3378 summum
836 3323 1048 3399 magistratum,
1067 3319 1108 3384 ab¹
1120 3318 1217 3374 omni-

197 3411 251 3471 bus
263 3426 406 3490 spretum,
422 3424 547 3490 ceperat.
557 3414 681 3483 ¹-v113
694 3413 839 3471 Hannibal
851 3427 943 3471 castra
956 3432 1073 3471 movere
1088 3431 1104 3468 a
1120 3415 1218 3486 Capua

197 3506 295 3562 statuit
314 3511 495 3581 Romamque
514 3517 630 3581 petere,
650 3517 683 3562 ut
703 3504 790 3562 duces
810 3506 924 3563 romani
945 3504 981 3573 ad
1007 3494 1219 3561 defendendam

198 3595 272 3652 hanc
288 3596 390 3654 urbe'm
404 3596 440 3654 ab
457 3595 652 3674 oppugnanda
667 3597 716 3654 illa
730 3596 941 3656 abstrahantur.
953 3626 993 3640 -
1002 3599 1089 3664 V1113
1107 3593 1216 3651 Eodem

198 3677 263 3743 cum
289 3689 385 3745 electis
413 3688 552 3746 militibus
577 3689 670 3746 tendit
696 3694 731 3761 Q.
757 3689 876 3747 Fulvius
900 3690 1018 3745 Flaccus
1043 3689 1216 3765 proconsul,

197 3781 443 3838 senatusconsulto
460 3781 580 3852 accitus,
593 3782 787 3858 collegamque
800 3781 928 3859 Appium
940 3780 1092 3838 Claudium
1104 3801 1141 3838 ex
1153 3781 1217 3838 vul-

198 3891 267 3928 nere
280 3874 385 3949 aegrum
399 3874 430 3930 in
444 3875 543 3932 castris
557 3875 593 3932 ad
610 3880 739 3954 Capuam
751 3875 851 3951 positis
864 3873 1012 3950 relinquit.
1031 3906 1070 3917 ·-·
1086 3877 1217 3944 IX31ter

160 4024 162 4028 .
197 3964 346 4039 utriusque
359 3964 531 4024 describitur
545 3980 574 4024 et
589 3967 688 4045 ingens
702 3963 904 4044 terror,.quem
916 3967 1033 4023 nuntius
1043 3967 1215 4042 fregellanus

198 4063 319 4121 Romam
335 4057 427 4117 affert.
443 4066 486 4105 -'
497 4063 541 4132 X3
557 4061 674 4120 Fulvius
688 4054 989 4138 Romam'ingr'editur
1006 4072 1035 4117 et
1053 4057 1214 4130 Hannibal,
