2768 4574
187 303 255 376 352
611 304 650 370 r.
684 304 823 371 mvn
1094 278 1227 390 lzljtzz

185 431 235 499 Μ.
261 425 363 499 Livio
395 423 542 495 consule
572 427 723 494 Romam
757 421 802 493 ad
833 436 996 519 senatum
1025 424 1257 507 nuntiasset,

185 533 373 607 consulem
405 532 488 604 satis
527 531 683 629 praesidii
718 532 841 605 Gallia
872 534 1065 631 provinciae
1100 533 1259 637 credere

184 651 223 717 L.
233 645 399 717 Porcium
415 666 498 714 cum
514 643 587 713 suis
599 641 804 740 legionibus
815 667 908 731 esse,
922 641 1096 714 decedere
1111 666 1150 714 se
1163 642 1258 717 inde

183 782 226 827 ac
247 755 379 827 deduci
407 754 605 849 exercitum
631 753 858 826 consularem
880 777 1005 851 posse,
1026 758 1146 824 Patres
1172 779 1259 825 non

183 871 232 937 Μ.
243 866 383 937 Livium
395 878 537 935 tantum
549 863 666 936 redire
681 864 726 935 ad
735 863 889 953 Urbem,
902 863 965 935 sed
975 863 1149 960 collegam
1159 889 1258 960 quo-

184 1003 257 1075 que
272 975 351 1071 ejus
371 978 411 1046 C.
428 973 620 1046 Claudium
635 975 832 1069 jusserunt.
854 973 897 1044 Id
912 972 1024 1047 modo
1044 973 1083 1042 in
1100 971 1257 1045 decreto

180 1083 365 1173 interluit,
394 1084 494 1182 quod
517 1089 565 1156 Μ.
581 1084 672 1155 Livii
700 1085 898 1156 exercitum
923 1082 1065 1171 reduci,
1091 1085 1257 1155 Nemnis

181 1197 341 1291 legiones
358 1193 552 1265 Hannibali
565 1196 748 1292 oppositas
762 1216 910 1265 manere
923 1194 962 1264 in
976 1184 1163 1291 provincia
1177 1193 1257 1286 jus·

181 1319 320 1377 serunt.
348 1311 449 1376 Inter
474 1305 640 1376 consules
664 1306 713 1375 ita
738 1329 803 1403 per
823 1303 945 1376 literas
970 1304 1162 1391 convenit,
1185 1319 1254 1392 ut,

181 1415 491 1514 quemadmodum
508 1442 585 1487 uno
604 1418 725 1487 animo
743 1413 1026 1514 rempublicam²
1042 1414 1255 1512 gessissent,

180 1530 240 1613 ita,
255 1552 464 1626 quanquam
473 1553 516 1599 ex
527 1525 894 1625 diversisregionibus
908 1527 1158 1609 convenirent,
1170 1550 1255 1599 uno

85 1714 87 1719 ,
180 1652 346 1735 tempore
369 1637 414 1708 ad
434 1636 572 1710 Urbem
597 1636 829 1723 accederent;
857 1641 1032 1707 Praeneste
1056 1635 1121 1732 qui
1144 1637 1254 1733 prior

179 1750 356 1836 venisset,
381 1748 557 1845 collegam
573 1745 624 1818 ibi
647 1748 807 1845 opperiri
824 1746 954 1843 jussus.
972 1751 1078 1816 Forte
1097 1746 1148 1814 ita
1163 1769 1253 1818 eve-

177 1858 250 1945 nit,
268 1873 308 1929 ut
326 1857 454 1930 eodem
471 1858 530 1929 die
545 1857 654 1929 ambo
663 1864 842 1929 Praeneste
856 1859 1044 1928 venirent:
1060 1855 1146 1928 inde
1158 1881 1253 1955 prae·

178 1969 288 2039 misso
318 1968 458 2055 edicto,
486 1983 529 2039 ut
557 1969 679 2040 triduo
707 1984 790 2067 post
821 1967 994 2066 frequens
1025 1981 1172 2038 senatus
1202 1968 1252 2041 ad

159 2078 292 2149 ‘aedem
316 2078 473 2150 Bellona
498 2077 673 2165 adesset³‚
704 2081 804 2151 omni
834 2077 1068 2151 multitudiue
1098 2076 1251 2151 obviam

177 2186 312 2276 effusa,
340 2189 386 2260 ad
410 2187 548 2260 Urbem
573 2216 763 2262 accessere.
791 2195 875 2286 Non
903 2176 1106 2262 salutabant
1131 2190 1251 2263 modo

176 2299 335 2369 universi
354 2298 580 2390 circumfusi,
606 2302 688 2385 sed,
707 2302 917 2400 contingere
936 2311 1005 2398 pr'o
1032 2300 1252 2397 aequisque

174 2408 339 2487 victrices
357 2408 499 2481 dextras
514 2411 706 2481 consulum
719 2410 929 2509 cupientes,¹
947 2408 1006 2480 alii
1019 2406 1253 2506 gratulaban-

175 2531 255 2604 tur,
273 2518 332 2587 alii
350 2520 479 2615 gratias
501 2520 674 2616 agebant,
693 2520 794 2618 quod
813 2545 941 2592 eorum
964 2543 1074 2617 opera
1098 2520 1251 2590 incolu-

174 2629 242 2697 mis
256 2628 460 2727 respublica
479 2645 583 2702 esset.
604 2636 646 2701 In
666 2647 793 2703 senatu
811 2657 926 2729 quum
948 2655 1052 2702 more
1076 2630 1251 2701 omnium

172 2738 453 2834 imperatorum,
481 2742 652 2839 expositis
676 2741 785 2814 rebus
812 2741 857 2814 ab
883 2766 921 2812 se
943 2741 1050 2839 gestis
1060 2742 1088 2826 ⁴,
1112 2754 1251 2837 postu-

172 2848 326 2937 lassent,
352 2868 394 2922 ut
404 2877 478 2949 pro
505 2853 691 2950 republica
704 2857 855 2944 fortiter
868 2853 1100 2950 feliciterque
1121 2853 1251 2925 admi·
1324 2886 1330 2899 ·

171 2957 349 3031 nistratn⁵
373 2978 409 3032 et
435 2963 504 3033 diis
533 2964 795 3036 immortalibus
822 2964 1018 3049 haberetur
1044 2963 1186 3051 bonos,
1214 2981 1254 3036 et

171 3163 295 3222 mortuum
305 3191 368 3232 esse3
378 3174 445 3221 conf.
454 3175 520 3223 nuk.
532 3178 681 3242 Suspicaren
724 3178 792 3225 conf.
801 3177 833 3225 ad
842 3178 925 3235 XXV,
937 3177 980 3236 16,
993 3193 1019 3225 n.
1029 3176 1086 3225 &A
1099 3177 1165 3225 MSS
1176 3176 1250 3227 abest

169 3254 280 3300 Maximo
307 3264 395 3317 praeter
416 3254 462 3301 hos
488 3257 586 3304 tertium
608 3256 681 3304 fuisse
726 3255 1248 3321 abcontingere,etaieforteleg.capientes,

169 3330 262 3391 lilium,
280 3348 384 3395 eumque
401 3333 427 3379 h.
441 3334 461 3381 l.
477 3336 615 3383 memorari.
632 3334 681 3384 Sed
726 3352 769 3383 seu
781 3347 919 3399 tangentes,
936 3351 979 3383 seu
992 3333 1130 3398 rapientes,·
1142 3334 1228 3383 Gron.

168 3406 246 3458 tribus
255 3409 313 3458 liliis
321 3411 386 3459 idem
395 3413 469 3461 fuisse
478 3415 681 3478 praenomen‚vix
762 3423 786 3472 4.
798 3414 923 3478 Expositis
936 3416 1006 3462 rebus
1017 3413 1049 3461 ab
1060 3412 1184 3478 segaris,
1195 3424 1249 3465 ete.

168 3489 323 3545 crediderim.
338 3518 374 3528 -
389 3495 495 3558 Legatus
512 3494 545 3541 ab
563 3496 598 3540 M.
612 3493 679 3541 Livio
725 3490 826 3542 vidend
839 3495 943 3551 XXVI,
955 3509 999 3550 21,
1013 3508 1037 3540 n.
1049 3507 1072 3539 1.

168 3585 217 3618 cas.
229 3569 286 3616 vide
297 3569 330 3616 ad
339 3572 377 3630 X,
392 3581 423 3627 τί,
434 3606 441 3630 ,
455 3589 480 3619 n.
491 3589 515 3620 2.
682 3568 684 3572 ’
761 3574 785 3622 5.
797 3577 846 3621 Pro
856 3571 980 3636 republica
990 3567 1166 3617 administrata
1175 3569 1250 3636 (vide

203 3665 228 3695 2.
238 3650 418 3712 Rempublicam
425 3651 567 3716 gessissent;
580 3651 638 3699 vide
646 3652 678 3699 ad
723 3652 754 3700 ad
767 3655 806 3711 11,
817 3654 864 3710 64,
877 3669 903 3699 n.
916 3650 945 3714 3)
959 3648 1063 3716 fortiter
1065 3646 1232 3714 feliciterque
1236 3670 1250 3711 ,-

167 3728 206 3790 II,
224 3729 306 3785 filin-
319 3730 343 3775 3·
395 3781 397 3786 ,
722 3732 756 3779 ita
763 3732 853 3795 passim
861 3731 893 3778 de
901 3726 1251 3794 imperatoribus,utfomitet

202 3807 226 3853 3.
240 3809 341 3854 Senatus
359 3807 396 3854 ad
412 3808 489 3855 adem
506 3809 614 3857 Bellona
630 3810 692 3860 adn
722 3810 866 3878 etfideliter
883 3808 1030 3872 delegatis,
1047 3804 1190 3864 militibus,
1208 3824 1251 3856 so·

166 3891 243 3942 essen·
253 3886 310 3933 vide
316 3884 347 3932 ad
355 3888 393 3938 X.
401 3887 443 3944 23,
456 3904 481 3936 n.
493 3904 535 3946 ra,
547 3899 572 3937 et
581 3891 678 3948 XXVI,
722 3890 767 3937 ciis
777 3904 790 3947 ς·
807 3889 858 3937 vid.
871 3892 949 3937 Gron.
960 3899 985 3936 et
1000 3885 1075 3934 Drak.
1089 3884 1171 3933 Notat
1183 3887 1251 3937 Cre·

166 3978 243 4020 nr,n.
257 3981 279 4012 1.
292 3990 328 4000 -
345 3965 488 4031 Contingere
502 3967 628 4026 uictrices,
642 3969 678 4017 vi·
723 3969 805 4016 verius
826 3968 935 4033 exempla
950 3967 977 4014 in
996 3977 1125 4028 utramque
1141 3981 1197 4013 ren
1213 3982 1249 4015 ex

164 4054 275 4100 etorum,
291 4042 391 4091 dextras
405 4047 529 4093 considam
541 4047 678 4111 cupienten
722 4048 771 4096 boc
784 4064 834 4096 nno
846 4049 927 4111 capite
937 4045 1022 4110 colligi
1030 4043 1250 4109 pusiaconnue·
