2768 4574
184 292 246 392 3133
258 305 304 400 ζῇς
382 311 540 378 crana
566 310 684 376 xxv.
712 308 814 377 cna
840 311 984 377 xxrx.
1166 305 1213 402 73

158 435 244 503 urit.
255 432 414 503 Gloriam
424 444 533 527 captae
542 427 770 499 nobilissimae
781 428 1102 524 pulcherrimaeque
1113 427 1215 498 urbis

157 574 174 608 a
188 544 404 641 graecaruml
418 542 467 612 dii
476 540 543 611 tibi
556 540 750 627 dederunt,
763 539 942 610 Marcelle.
952 537 1139 635 Quidquid
1151 564 1217 608 un·

159 682 176 717 a
191 677 299 749 quam
321 665 415 725 terra
433 653 595 747 marique
610 648 885 746 memorandum
901 651 1088 746 gessimus,
1108 649 1145 719 id
1162 651 1217 720 tui

159 763 363 861 «triumphi
381 764 486 833 titulo
500 761 644 832 accedit.
661 767 775 830 Famae
788 784 833 830 ne
847 759 944 830 credi
958 759 1062 849 velis,
1081 774 1217 856 quanta

159 903 176 938 a
188 872 275 945 urbs
293 898 313 942 a
332 888 367 944 te
384 887 487 970 capta
502 873 564 960 sit,
581 895 691 968 quam
706 871 858 968 posteris
877 890 1024 966 quoque
1039 892 1117 940 eam
1136 890 1216 967 spe·

158 1015 175 1048 a
188 984 328 1055 ctaculo
339 1009 414 1054 esse
428 983 517 1079 (qno
527 985 680 1080 quisque
691 996 795 1068 terra,
806 982 960 1078 quisque
971 981 1059 1049 mari
1066 983 1216 1067 venerit,

160 1124 177 1169 a
191 1117 290 1163 nunc
304 1107 425 1163 nostra
439 1092 484 1164 de
498 1093 776 1164 Atheniensibus
793 1089 1218 1189 Carthaginiensibusque

158 1231 175 1266 a
189 1215 340 1300 tropaea,
357 1228 456 1274 nunc
470 1217 533 1274 tua
549 1203 595 1274 de
608 1201 714 1275 nohis
728 1201 931 1297 ostendat),
946 1198 1217 1296 incolumesque

158 1317 380 1408 «Syracusas
397 1312 537 1384 familiae
552 1329 677 1386 vestrae
694 1313 761 1385 sub
778 1311 942 1384 clientela
956 1312 1112 1382 nominis
1125 1316 1219 1382 Mar·
1247 1369 1249 1372 .

91 1512 93 1517 ,
158 1451 176 1486 a
190 1422 364 1494 cellorum
379 1425 564 1522 tutelaque
582 1424 768 1496 habendas
785 1417 936 1494 tradas5.=
951 1426 1006 1494 Ne
1022 1420 1104 1519 plus
1121 1419 1220 1518 apud

159 1561 176 1596 t<
189 1556 252 1603 vos
271 1533 498 1631 Hieronymi,
517 1559 626 1631 quam
649 1535 832 1622 Hieronis,
852 1533 1027 1604 memoria
1044 1533 1220 1603 momenti
1315 1618 1318 1622 .

159 1671 175 1706 a
188 1640 302 1729 faciat.
315 1645 458 1716 Diutius
466 1644 525 1716 ille
537 1644 653 1715 multo
664 1646 798 1714 amicus
807 1642 890 1728 fuit,
899 1664 1006 1737 quam
1019 1641 1077 1712 hic
1087 1639 1218 1712 hostis:

159 1783 177 1818 a
191 1768 227 1824 et
241 1753 336 1826 illius
352 1758 459 1826 etiam
473 1755 660 1828 benefacta
676 1756 921 1854 persensistis;
941 1753 1050 1848 hujus
1065 1753 1220 1824 amentia

159 1891 175 1926 a
190 1862 235 1933 ad
249 1866 448 1975 perniciem
463 1881 604 1939 tantum
618 1869 729 1965 ipsius
742 1865 862 1937 valuit.
879 1894 896 1931 a
914 1865 1044 1936 Omnia
1058 1877 1095 1934 et
1108 1865 1222 1961 impe-

158 2076 218 2123 dam
234 2070 381 2140 foramem(
397 2079 538 2126 Itecusando
562 2083 619 2127 Lor.
639 2095 669 2137 a,
713 2096 744 2126 ex
761 2078 847 2126 eodem
866 2094 922 2125 cum
934 2077 1006 2125 Livio
1025 2077 1094 2126 sonte
1112 2077 1221 2125 hausisse

158 2155 233 2203 Hafn.
248 2158 310 2204 Har.
324 2157 465 2205 Perizonius
482 2158 514 2203 ad
527 2173 595 2204 oram
606 2158 670 2203 Livii
712 2156 981 2220 suspicabaturStroth.

159 2233 254 2296 legebat
276 2247 430 2292 recusantes‚·
458 2235 502 2282 sed
525 2235 669 2283 mutationis
748 2235 772 2282 5.
783 2237 914 2297 Syracusas
923 2233 1032 2299 familioe
1042 2233 1222 2298 vestre(forte

160 2328 256 2362 causam
271 2330 322 2361 non
330 2314 411 2362 video.
424 2317 470 2362 En.
713 2312 775 2377 tuce)
791 2315 834 2361 sub
846 2314 959 2361 clientela
972 2314 1076 2363 nominis
1090 2315 1222 2364 Marcello·

190 2392 669 2457 t.Nobilissimoepulclterrimoequcurbis
712 2409 767 2439 rum
779 2394 901 2457 tutelaque
911 2394 1036 2442 habendas
1045 2393 1145 2452 nudas,-
1155 2395 1221 2444 cous.

156 2486 294 2534 greacorum
314 2473 411 2519 urbium
427 2487 433 2520 :
449 2489 505 2519 nam
518 2474 668 2536 Syracusas
712 2473 815 2530 XXVI,
834 2473 864 2520 32
877 2484 955 2530 extu,
978 2473 1030 2522 Cic.
1041 2474 1111 2522 Verr.
1128 2476 1153 2533 Ι,
1171 2473 1221 2532 51,

159 2550 293 2598 Corinthiis
310 2551 427 2610 conditae,
442 2553 486 2615 qui
502 2552 564 2599 duce
577 2552 668 2600 Archia
713 2551 746 2599 55
754 2568 760 2609 ;
769 2553 809 2610 ΙΙ,
819 2567 847 2610 a,
856 2569 881 2599 n.
891 2567 922 2598 at
937 2569 1000 2617 seq.;
1010 2553 1055 2610 IV,
1067 2553 1114 2612 54,
1127 2570 1159 2601 ex
1170 2568 1220 2616 quo

160 2627 186 2673 in
200 2630 306 2678 Siciliam
324 2632 480 2692 trajecerant3
501 2632 557 2680 vide
575 2631 606 2678 ad
624 2631 667 2680 Sil.
712 2639 798 2678 notum
812 2640 860 2689 est,
873 2632 1003 2680 Marcellos
1014 2633 1089 2680 luisse
1099 2644 1221 2696 μαινοιιοι

159 2707 230 2765 XIV,
241 2708 273 2755 5ο
282 2724 332 2773 seq.
339 2744 346 2768 ,
353 2721 377 2758 et
384 2711 513 2769 StrabVl,
523 2712 667 2773 269;vl11,
711 2709 845 2757 Siculorum
853 2710 891 2774 (ut
897 2711 964 2758 Fabii
971 2722 1039 2760 erant
1046 2709 1221 2781 Allobrogumf,

161 2785 220 2832 380.
238 2787 327 2835 lisdem
344 2805 413 2853 paene
425 2790 506 2838 verbis
520 2791 598 2838 utitur
615 2792 667 2840 Cic.
712 2789 799 2837 Cicero
809 2790 1004 2853 Campanorum,
1017 2791 1077 2840 Cato
1092 2791 1221 2855 Cappado-

159 2864 229 2911 Verr.
239 2867 285 2923 IV,
295 2867 340 2924 52,
352 2883 383 2915 ex
392 2885 441 2932 quo
454 2870 510 2917 loco
521 2870 614 2917 urbium
625 2886 665 2917 su·
712 2877 768 2916 oum
781 2879 805 2915 et
812 2869 976 2933 Cypriorum,
988 2880 1049 2928 etc.,;
1060 2869 1091 2916 de
1103 2885 1154 2933 quo
1163 2869 1221 2919 vide

159 2944 249 3008 spicari
259 2946 349 3009 possis,
364 2948 432 3009 quod
444 2960 525 2995 tamen
537 2949 573 2996 ibi
583 2965 667 3013 suspe-
711 2948 743 2994 ad
750 2948 880 2994 Tac.Ann.
887 2950 938 3006 III,
948 2947 994 3005 55,
1004 2964 1028 2994 n.
1038 2945 1076 3011 t),
1085 2959 1109 2996 et
1117 2960 1220 3013 propter

160 3033 234 3071 ctum.
249 3051 285 3060 —
298 3024 419 3081 Navelis,
434 3022 527 3074 scilicet
538 3028 614 3090 magis
625 3044 668 3076 seu
711 3029 822 3075 Marcelli
833 3028 984 3077 clementiam
999 3027 1222 3092 humanitatemque

159 3103 243 3166 potius
253 3102 322 3169 (vide
331 3103 362 3152 ad
373 3106 398 3161 Ι,
412 3105 453 3163 25,
464 3121 489 3154 n.
506 3105 560 3168 ιι),
573 3123 603 3153 ne
617 3124 667 3156 ma·
687 3160 690 3164 ,
712 3123 726 3154 a
739 3107 826 3156 Siculis
840 3109 867 3155 in
883 3109 934 3169 ejus
950 3108 1070 3156 honorem
1090 3108 1222 3172 quotannis

159 3181 189 3228 lis
209 3181 334 3248 (Sigouiru
354 3184 434 3246 legere
452 3184 591 3231 videturne
603 3186 670 3234 credi
712 3186 830 3235 celebrata
840 3186 1061 3246 fuisseMarcellea,
1071 3175 1228 3250 hisquever·'

65 3311 67 3322 ,
160 3261 238 3309 malis.
248 3260 318 3327 Eu),
322 3260 404 3328 samm
416 3263 495 3319 credi,
510 3275 622 3328 posteros
633 3264 668 3312 fa·
711 3281 763 3313 rem
776 3267 928 3315 substituisse
940 3267 1039 3314 Verrsa.
1060 3268 1098 3313 De
1115 3266 1157 3313 tali
1172 3267 1221 3314 cle-

161 3355 199 3386 ma
210 3342 333 3404 accipere,
349 3354 444 3406 quanta
460 3343 515 3390 urbs
530 3359 548 3389 a
557 3354 581 3389 te
594 3355 669 3405 captu
712 3346 802 3392 mentia
815 3346 925 3395 Marcelli
942 3345 1005 3392 nihil
1017 3359 1088 3408 paene
1103 3345 1170 3409 apud
1181 3343 1221 3394 Li·

161 3416 203 3474 sit,
217 3435 291 3481 quam
300 3420 401 3484 posteris
411 3438 508 3485 quoque
515 3437 570 3468 cam
578 3433 670 3485 spectu·
713 3424 779 3471 vium
788 3425 876 3489 legitur
888 3442 894 3474 :
910 3437 934 3473 et
946 3435 1045 3472 notatur
1054 3424 1136 3489 potius
1146 3423 1220 3473 inhu-

161 3496 288 3554 eulaeus,
308 3511 401 3562 gratum
415 3499 593 3564 mirificumque
607 3516 669 3565 pras·
713 3504 816 3554 manitas
832 3506 884 3565 ejus
901 3505 996 3561 XXIV,
1013 3503 1059 3561 35,
1075 3504 1157 3562 XXV,
1173 3506 1219 3564 31,

161 3571 218 3622 berc
227 3575 380 3641 adspectum,
390 3595 438 3642 quo
450 3580 551 3644 quisque
557 3614 566 3637 ,
580 3592 609 3628 ut
618 3580 670 3644 qui·
714 3590 761 3642 4⁰3
773 3585 873 3645 XXVI,
884 3585 932 3630 26-
941 3584 982 3630 32.
995 3583 1087 3630 Confer
1097 3594 1177 3630 umen
1187 3585 1220 3632 ud

162 3667 265 3717 cumque
275 3655 341 3720 (vide
352 3656 414 3717 adl,
429 3667 476 3716 24,
486 3677 512 3708 n.
520 3658 545 3724 4)
556 3676 585 3707 eo
595 3676 669 3707 vene·
713 3662 756 3710 sil.
767 3664 838 3721 XIV,
851 3663 983 3724 665-689,
997 3674 1021 3710 et
1033 3663 1097 3711 Plut.
1109 3665 1219 3715 Marcell.

162 3730 205 3787 rit,
219 3732 669 3788 huicuuneuostradedtlteuicnsibus
712 3757 768 3805 pag.
780 3743 846 3799 311,
865 3743 928 3800 312,
949 3742 991 3805 qui
1002 3742 1037 3789 ob
1050 3741 1184 3790 libertatem
1205 3761 1219 3790 a

162 3821 187 3856 et
198 3809 281 3859 Carth.
292 3824 397 3877 tropoea,
412 3816 527 3865 victorias
539 3834 670 3882 earumque
712 3820 828 3870 Marcello
844 3821 1001 3884 Syracusanis
1013 3821 1132 3869 redditam
1144 3823 1219 3871 olisa-

161 3890 309 3939 monimenta
320 3892 387 3954 (vide
398 3895 429 3942 ad
438 3911 491 3960 cap.
503 3904 551 3955 aa,
561 3912 585 3945 n.
596 3914 621 3957 7,
630 3897 666 3962 8),
712 3901 830 3962 telamque
850 3910 972 3964 receptam
984 3929 987 3938 ι
998 3898 1098 3964 (confer
1116 3902 1220 3961 XXVI,

162 3984 227 4015 nunc
235 3981 278 4016 tua
290 3970 320 4016 de
332 3972 400 4019 nobis
414 3976 537 4034 ostendat,
555 3976 607 4024 soil.
616 3977 668 4026 baec
712 3980 744 4026 32
753 3979 884 4041 extr.)tum
893 3979 1008 4028 illostum
1016 3980 1076 4027 alios
1083 3981 1105 4028 ei
1112 3981 1219 4029 honores

163 4048 228 4096 urbs.
246 4049 336 4098 Confer
350 4051 401 4100 Cic.
411 4054 482 4103 Vere.
495 4057 533 4112 II,
551 4072 565 4102 a
575 4090 583 4114 ,
595 4072 667 4120 quem
712 4058 819 4106 aSiculis
829 4058 938 4108 decretos
948 4059 1060 4110 dicis-
1070 4062 1129 4109 llaec
1139 4061 1217 4108 oratio
