2768 4574
1083 284 1114 321 A,
1125 283 1152 322 C.
1166 281 1216 320 ποθ.

162 315 229 410 392
270 404 274 415 ¹
582 312 620 376 T.
655 309 796 377 lell
1082 340 1216 388 uesta

162 433 304 506 «verba
324 456 483 529 unquam
499 431 637 527 potius,
660 453 769 527 quam
790 452 865 516 res,
890 425 1146 512 exercuerim,
1173 422 1241 493 sed

162 545 277 641 aquia
299 567 415 640 prope
436 567 456 613 a
475 541 629 639 pueritia
648 542 687 609 in
710 539 833 610 castris
852 535 1019 619 habitus,
1042 557 1239 606 assueram

163 651 406 741 «militaribus
420 652 582 748 ingeniis.
600 648 654 719 Ad
669 673 735 718 vos
751 644 1062 745 quemadmodum
1078 644 1236 741 loquar,

121 809 124 813 -
163 793 179 826 a
192 786 257 832 nec
272 761 480 849 consilium,
497 785 564 830 nec
581 761 696 829 oratio
710 753 935 855 suppeditat³
952 780 1072 854 :quos
1090 779 1142 824 ne
1157 778 1237 850 quo

164 903 181 937 a
196 873 343 943 nomine
363 870 509 967 quidem
527 870 705 967 appellare
725 867 893 956 debeam,
913 868 998 937 scio.
1017 864 1150 937 Cives?
1169 864 1237 960 qui

165 1006 215 1051 «a
232 982 346 1077 patria
364 996 481 1052 vestra
504 981 665 1050 descistis
682 1008 689 1048 :
706 1004 751 1048 an
775 977 929 1048 milites?
947 977 1013 1072 qui
1030 975 1236 1072 imperium

165 1121 182 1155 «
197 1093 468 1188 auspiciumque
479 1090 669 1177 abnuistis,
685 1088 895 1159 sacramenti
908 1085 1123 1182 religionem
1138 1083 1237 1180 rupi·

166 1202 268 1271 «stis.
284 1200 433 1270 Hostes?
445 1225 614 1297 corpora,
629 1224 708 1287 ora,
718 1199 903 1285 vestitum,
917 1195 1086 1265 habitum
1097 1194 1235 1264 civium

167 1335 354 1408 «agnosco
371 1336 379 1378 :
395 1309 502 1399 facta,
525 1310 635 1398 dicta,
655 1307 820 1395 consilia,
839 1308 976 1377 animos
997 1304 1166 1376 hostium
1184 1305 1235 1372 vi·

166 1450 184 1485 a
197 1422 277 1491 deo.
294 1420 390 1510 Quid
407 1422 502 1490 enim
517 1444 596 1507 vos,
612 1421 681 1489 nisi
695 1416 796 1514 quod
808 1417 978 1512 Ilergetes
991 1429 1029 1485 et
1040 1408 1234 1501 Lacetani,

168 1559 184 1593 ιι
199 1544 261 1600 aut
277 1531 425 1626 optastis
446 1528 559 1616 aliud,
578 1543 640 1599 aut
658 1527 846 1624 sperastis?
859 1530 905 1594 Et
922 1523 973 1593 illi
990 1538 1117 1594 tamen
1131 1527 1235 1593 Man·

167 1668 183 1701 (ι
197 1637 350 1707 donium
362 1652 470 1735 atque
480 1636 690 1724 Indibilem,
704 1638 809 1733 regiae
823 1633 1020 1704 nobilitatis
1032 1624 1153 1720 viros,
1169 1631 1236 1703 du-

168 1776 184 1810 «
200 1769 257 1816 ces
272 1743 403 1816 furoris
417 1747 562 1842 sequuti
577 1760 678 1832 sunt;
691 1770 755 1815 vos
772 1745 971 1840 auspicium
988 1757 1024 1813 et
1037 1744 1237 1840 imperium

168 1887 184 1920 (ι
198 1855 244 1926 ad
259 1855 437 1925 Umbrum
455 1857 596 1926 Atrium
618 1869 654 1924 et
675 1854 849 1924 Calenum
868 1853 1013 1924 Albium
1038 1851 1235 1923 detulistis.

171 1995 187 2029 «
203 1971 358 2062 Negate,
375 1989 439 2035 vos
461 1964 498 2033 id
514 1989 640 2034 omnes
662 1961 801 2052 fecisse,
824 1978 886 2033 aut
903 1953 1039 2032 factum
1055 1960 1238 2049 voluisse,

171 2104 188 2138 a
203 2075 352 2158 milites,
377 2098 577 2170 paucorum
603 2099 685 2144 eum
715 2072 874 2145 furorem
900 2088 1009 2169 atque
1037 2073 1238 2144 amentiam

172 2214 189 2249 a
205 2192 297 2270 esse,
308 2182 464 2253 libenter
477 2183 620 2253 credam
631 2182 885 2279 negantibus⁴;
896 2207 963 2253 nec
977 2182 1074 2252 enim
1090 2206 1135 2251 ea
1150 2195 1240 2252 sunt

172 2294 404 2377 «commissa,
427 2318 507 2390 quae
532 2293 674 2389 vulgata
694 2294 733 2363 in
759 2317 904 2364 omnem
929 2292 1131 2362 exercitum
1158 2293 1240 2362 sine

171 2433 188 2482 a
202 2405 349 2500 piaculis
368 2403 575 2499 ingentibus
597 2405 731 2501 expiari
746 2404 897 2501 possint.
916 2402 1053 2474 Invitus
1071 2425 1133 2488 ea,
1154 2416 1240 2471 tan-.

173 2540 190 2575 «
203 2537 312 2607 quam
333 2514 499 2601 vulnera,
520 2515 656 2610 attingo
674 2542 681 2582 :
698 2512 761 2584 sed
784 2515 853 2583 nisi
875 2507 988 2582 tacta5
1010 2524 1240 2608 tractataque

173 2650 189 2684 «
206 2623 322 2690 sanari
338 2647 414 2692 non
438 2639 602 2718 possunt.
625 2623 818 2719 Equidem,
837 2623 947 2720 pulsis
962 2622 1136 2719 Hispania
1150 2627 1241 2694 Car-

174 2759 190 2792 «
206 2728 504 2826 thaginiensibus,
520 2733 662 2804 nullum
675 2732 798 2804 locum
813 2747 887 2803 tota
898 2732 1097 2829 provincia,
1115 2731 1242 2804 nullos

175 2931 207 2993 ad
221 2933 352 2991 XXXIX,
375 2935 403 2979 13
418 2951 455 2997 pr.
470 2934 536 2981 etad
549 2934 611 2981 Gell.
625 2936 679 2991 nt,
724 2934 860 2997 Dialog.dc
873 2936 941 2981 Orat.
953 2948 1007 2996 cap.
1020 2931 1035 2977 5
1048 2942 1073 2979 ct
1085 2932 1244 2997 8,eloqnen-

178 3025 217 3056 12.
231 3037 265 3044 —
282 3012 371 3067 Verba,
385 3022 461 3058 artem
474 3011 584 3071 dIcendi,
596 3028 632 3058 res
643 3028 681 3075 ge-
725 3012 761 3059 tia
774 3012 884 3060 oratoria
889 3031 900 3069 ;
914 3012 969 3059 vide
980 3021 1071 3059 nostrae
1085 3010 1148 3060 edit.
1162 3013 1243 3061 Tacit.

176 3087 274 3143 rendas;
289 3105 340 3135 non
353 3089 467 3137 Inusitata
481 3090 646 3154 oppositione.
726 3092 835 3150 vol.‚IV,
848 3107 903 3155 pag.
916 3097 979 3150 174,
995 3091 1052 3139 180.
1067 3090 1115 3140 Er.
1125 3119 1163 3128 -
1175 3092 1244 3154 Quos

211 3169 234 3213 3.
244 3167 296 3212 Nec
304 3165 442 3227 consilium,
453 3183 496 3213 nec
506 3169 586 3216 oratio
597 3186 683 3232 snppe·
727 3185 757 3215 ne
768 3186 815 3233 quo
825 3169 921 3233 nomine
930 3167 1028 3232 quidem
1037 3170 1181 3233 appellare,
1193 3181 1244 3218 etc.

176 3245 254 3301 ditat,
277 3245 398 3308 suppetit,
417 3246 501 3303 adest,
522 3259 611 3310 praesto
630 3260 683 3311 est;
728 3250 794 3296 conf.
802 3251 859 3297 Tac.
869 3249 973 3306 ΑΒΜ,
991 3256 1032 3302 ta.

176 3323 221 3370 nisi
232 3324 278 3387 leg.
291 3324 354 3370 ratio
365 3325 515 3387 sappeditat,
528 3327 642 3376 ostendit.
651 3355 685 3365 —
765 3336 788 3382 4.
802 3327 913 3374 Libenter
921 3325 1019 3372 credam
1031 3325 1192 3390 negantibus,
1205 3343 1243 3374 sc.

174 3403 238 3449 Voc.
247 3402 327 3448 oratio
341 3413 420 3449 tuetur
427 3403 562 3459 Walcbius‚
577 3423 684 3453 sensum·
728 3405 755 3453 id
767 3420 850 3453 omnes
862 3405 956 3460 fecisse.
969 3403 1021 3451 Alii
1032 3414 1091 3468 post
1104 3405 1245 3453 amentiam

175 3496 222 3541 que
229 3480 260 3527 ita
268 3481 457 3543 exponit:«Ncc
465 3483 524 3546 quid
531 3484 645 3548 apudvos
651 3485 685 3531 lo
729 3500 779 3535 esse
788 3485 903 3543 majorem
917 3493 1015 3547 ponunt
1030 3483 1143 3532 distinct.
1153 3520 1162 3543 ,
1174 3495 1201 3533 ct
1213 3501 1246 3533 ex

177 3574 236 3628 quar
250 3559 683 3622 scio,necquibusverbisilludex·
728 3578 800 3626 praec.
819 3573 904 3627 negate
922 3571 1035 3625 repetunt
1055 3561 1138 3613 diane.
1164 3567 1203 3614 Ita
1220 3575 1247 3613 et

177 3652 261 3683 ornem
271 3660 291 3683 ».
305 3638 389 3685 Oratio
399 3641 524 3702 speciatim
533 3653 569 3689 est
578 3642 684 3689 elocutio
728 3644 813 3689 Bauer.
823 3675 831 3699 ,
851 3641 894 3704 qui
905 3654 1021 3706 praeterea
1033 3651 1135 3700 monet,
1154 3659 1247 3708 negare

178 3716 296 3775 oratoria,
310 3733 363 3779 quae
377 3720 456 3766 oranti
474 3733 615 3768 ornamenta
629 3738 685 3784 sup·
729 3720 788 3767 alibi
800 3720 896 3767 mollius
913 3721 962 3768 dici
975 3736 1021 3784 pro
1035 3717 1176 3781 affirmare,
1194 3738 1247 3769 non

178 3795 284 3856 peditat,
301 3807 324 3842 et
337 3796 404 3859 loqui
417 3797 508 3846 dicitur
521 3800 573 3847 Cic.
585 3802 629 3847 Or.
644 3815 685 3858 27.
730 3815 782 3846 esse
797 3800 845 3858 ita,
860 3811 885 3846 at
896 3799 922 3845 b.
933 3799 950 3846 l.
962 3815 1008 3863 pro
1021 3795 1131 3847 infitiari.
1141 3827 1180 3836 —
1189 3801 1247 3849 Val-

180 3872 219 3918 stc
229 3886 265 3919 est
276 3874 343 3937 apud
352 3876 462 3923 eumdem
473 3877 525 3927 Cic.
538 3878 569 3925 de
582 3881 649 3925 Orat.
661 3879 686 3935 I,
727 3890 789 3941 gata
800 3876 826 3924 in
840 3894 933 3925 omnem
946 3895 967 3923 e.
982 3877 1033 3925 vid.
1043 3878 1085 3936 11,
1099 3894 1151 3940 29,
1166 3896 1193 3927 n.
1205 3880 1229 3927 5.

180 3951 226 4007 ta,
236 3952 315 3997 oratio
328 3954 450 4011 oratoria,
462 3956 488 4002 id
498 3968 548 4016 est,
557 3957 686 4004 verborum
766 3956 789 4002 5.
799 3959 875 4004 Tacta
882 3968 1038 4020 tractataque
1045 3957 1249 4027 vulaterasyncn,

178 4028 261 4090 liguris
273 4033 493 4095 sententiarumque
508 4047 607 4091 ornata3
622 4046 644 4081 ct
660 4036 686 4080 in
731 4035 851 4082 dicuntur.
