2768 4574
180 300 303 410 ata:
369 320 528 388 uranu
561 319 708 387 xxvi
738 318 848 386 ear.
876 318 1004 385 run.

154 442 305 541 opibus,
320 454 397 510 turn
416 439 575 510 hostium
599 440 699 509 omni
721 438 852 510 bellico
876 452 1049 536 apparatu
1071 437 1217 538 plenam

158 554 230 648 (ibi
250 577 367 638 arma,
391 550 442 622 ibi
468 549 642 648 pecunia,
662 546 717 619 ‘ibi
741 550 854 620 totius
871 549 1050 647 Hispaniae
1075 546 1221 620 obsides

156 664 296 760 erant);
312 663 413 734 sitam
428 677 601 764 praeterea
613 683 728 757 quum
748 673 956 756 opportune
975 657 1022 729 ad
1039 658 1221 752 trajicien-

156 775 242 851 dum
266 773 305 847 in
324 769 502 859 Africam,
524 784 603 841 tum
627 794 736 866 super
759 765 929 866 portum³
954 770 1038 840 satis
1059 768 1222 865 amplum

156 885 355 982 quantaevis
370 883 489 970 classi,
509 895 545 953 et
561 882 683 951 nescio
700 906 746 951 an
764 905 881 952 unum
896 882 934 951 in
946 883 1124 979 Hispaniae
1143 906 1222 968 ora,

157 1022 230 1095 qua
246 1010 373 1066 nostro
389 992 526 1090 adjacet
544 992 643 1061 mari.
663 996 779 1063 Nemo
796 992 981 1079 omnium,
1002 1016 1077 1087 quo
1092 991 1222 1076 iretur,

157 1103 313 1192 sciebat,
333 1117 464 1202 praeter
482 1105 521 1172 C.
535 1100 715 1172 Laetiumt.
736 1107 788 1189 Is,
808 1101 918 1174 classe
938 1101 1222 1187 circummissus,
1319 1174 1328 1193 ι

157 1219 207 1286 ita
229 1215 410 1286 moderari
434 1238 580 1285 cursum
604 1215 751 1284 navium
771 1214 891 1308 jussus
911 1215 1006 1302 erat,
1029 1227 1071 1283 ut
1093 1210 1223 1283 eodem

157 1339 322 1423 ternpore
346 1325 525 1396 exercitus
550 1322 846 1414 ostenderetur5,
873 1341 909 1397 et
933 1324 1052 1396 classis
1076 1338 1223 1421 portum

158 1439 320 1508 intraret.
340 1437 502 1534 Septimo
522 1435 580 1507 die
602 1434 648 1506 ab
667 1435 775 1508 Ibero
799 1437 1053 1534 Carthaginem
1074 1449 1225 1506 ventum

159 1562 213 1619 est
227 1546 334 1617 simul
348 1561 443 1618 terra
462 1547 647 1643 marique:
663 1563 777 1618 castra
793 1548 838 1618 ah
854 1550 1003 1645 regione
1018 1546 1136 1631 urbis,
1153 1569 1227 1641 qna

159 1659 198 1727 in
216 1658 514 1754 septemtrionem
536 1646 638 1727 versa
657 1673 734 1743 est,
755 1656 900 1756 posita6
922 1686 930 1728 ε
951 1657 1007 1728 his
1034 1656 1080 1727 ab
1103 1671 1225 1752 tergo,

161 1792 245 1837 nam
272 1766 373 1838 frons
397 1782 527 1838 natura
549 1782 627 1838 tuta
651 1783 751 1863 erat,
766 1769 900 1840 vallum
924 1769 1120 1863 objectum.
1148 1771 1226 1837 Cae-

159 1891 279 1947 terum
304 1877 371 1947 sita
389 1877 569 1975 Carthago
592 1879 642 1948 sic
662 1864 741 1949 estt'
758 1906 766 1951 :
786 1881 886 1952 sinus
908 1896 961 1951 est
980 1879 1087 1950 maris
1107 1877 1227 1948 media

160 1985 236 2057 sere
248 1989 428 2084 Hispaniae
444 2013 523 2076 ora,
542 1991 698 2062 maxime
717 1989 828 2063 africo
840 2007 951 2064 vento
966 1991 1173 2088 oppositus,
1191 2001 1227 2059 et

161 2096 381 2194 quingentos
405 2122 531 2196 passus
552 2101 731 2172 introrsus
750 2117 949 2191 retractus,
975 2101 1124 2200 paululo
1145 2099 1228 2197 plns

160 2339 197 2386 et,
207 2345 238 2376 ex
245 2345 294 2393 quo
302 2329 370 2378 fonte
378 2331 469 2380 Noster
475 2331 571 2389 hausit,
582 2331 671 2394 Polyb.
718 2331 800 2384 ἱκανὴν
816 2326 949 2396 ἀσφάλειαν
964 2326 1032 2392 αὐτῷ
1047 2323 1230 2392 παρεσκεύαζε,

161 2410 201 2466 Χ,
212 2410 291 2457 8-10.
435 2408 439 2413 ’
718 2409 807 2474 Polyb.
821 2410 862 2467 X,
883 2421 907 2468 9.
927 2402 1018 2453 Confer
1035 2414 1142 2450 extrema
1158 2401 1231 2462 hujus

198 2489 222 2534 3.
235 2491 311 2552 Super
319 2501 436 2552 porum,-
449 2491 534 2538 confer
551 2490 622 2546 adl,
643 2507 673 2548 ο,
719 2505 773 2553 cap.
789 2486 862 2533 verba
879 2496 903 2533 et
920 2483 1009 2549 Polyb.
1025 2485 1066 2542 X,
1087 2498 1126 2529 11.
1136 2484 1230 2529 Vocem

162 2581 187 2612 n.
203 2567 226 2612 3.
240 2594 275 2602 -
289 2567 377 2615 Nescio
387 2585 421 2616 an
431 2568 500 2632 (vide
511 2569 542 2616 ad
551 2572 589 2625 II,
604 2585 635 2626 a,
647 2584 674 2616 n.
712 2569 786 2632 frons
799 2566 902 2613 inseruit
912 2564 991 2612 Rhen.
1003 2562 1104 2626 (confer
1117 2562 1160 2610 Sil.
1172 2563 1232 2621 XV,

164 2642 190 2707 3)
200 2640 289 2692 riuum:
298 2647 329 2693 al.
340 2663 427 2705 unam,
439 2647 512 2713 prob.
522 2649 607 2711 Sigon.
617 2646 673 2696 coll.
720 2646 791 2712 οη).
813 2649 842 2693 In
857 2646 920 2693 MSS
934 2656 959 2692 et
972 2643 1028 2691 edu
1043 2654 1104 2692 antt.
1120 2643 1209 2706 legitur
1224 2657 1231 2691 ε

162 2722 251 2788 Polyb.
264 2725 299 2782 Χ,
312 2726 326 2771 8
340 2741 378 2788 pr.
389 2750 424 2762 -
435 2727 490 2789 Qua
503 2738 579 2790 parte.
658 2722 662 2727 ’
718 2725 755 2772 tis
768 2725 800 2771 ab
815 2736 880 2788 tergo
895 2725 967 2785 (nam
979 2734 1070 2770 natura
1085 2734 1138 2770 tuta
1148 2724 1232 2783 erant)

155 2842 158 2847 .
200 2810 224 2858 4.
234 2805 327 2850 Proeter
334 2804 360 2852 0.
369 2805 580 2862 Laelium‚·confer
586 2805 674 2868 Polyb.
718 2804 811 2851 nullum
824 2804 919 2850 vallum
932 2803 1059 2868 objectum.
1075 2803 1140 2850 Hinc
1150 2804 1173 2851 J.
1191 2805 1231 2852 Fr·

1148 337 1213 383 201
1314 384 1318 389 ,

163 2883 203 2939 Χ,
216 2882 245 2942 6,
260 2894 284 2930 et
298 2898 323 2945 9.

201 2961 224 3008 5.
239 2960 367 3009 Exercitus
382 2961 562 3018 ostendentem
576 2961 632 3009 vide
644 2961 676 3009 ad

164 3041 380 3101 xxl1,37,11.2.

200 3120 224 3169 6.
239 3121 325 3168 Castra
338 3120 370 3167 ab
385 3118 483 3184 regione
493 3120 572 3176 urbis,
588 3136 638 3183 qua
651 3120 676 3167 in

164 3199 357 3264 septemtrionem
370 3216 443 3247 versa
455 3211 502 3256 est,
509 3246 512 3252 ,
513 3199 598 3263 posita
610 3199 676 3265 (nem

165 3279 196 3326 ah
207 3279 302 3328 oriente
315 3296 344 3328 ac
353 3281 454 3328 meridie
466 3280 551 3327 urbem
563 3281 635 3338 mari,
646 3280 677 3328 ab

166 3374 253 3406 occasu
267 3371 347 3407 autem
359 3371 446 3424 stagno
455 3361 533 3424 cingi,
549 3375 609 3407 mox
617 3360 678 3424 legi·

166 3439 231 3502 mus)
237 3455 244 3497 3
251 3438 287 3485 tis
294 3439 325 3485 ab
332 3451 408 3503 tergo,
415 3440 535 3487 exteriore
544 3450 679 3487 castrorum

166 3531 249 3583 parte,
261 3519 328 3568 κατὰ
342 3519 386 3587 μὲν
401 3519 445 3574 τὴν
456 3521 524 3578 ἐκτὸς
536 3518 677 3586 ἐπιφάνειαν

167 3601 212 3655 τῆς
221 3593 430 3665 στρατοπεδείας,
439 3599 536 3647 vallum
545 3598 676 3662 objectum,

167 3678 277 3742 duplex,
290 3674 461 3745 nepttssfflero
474 3678 564 3747 τάφρον
577 3677 619 3728 καὶ
635 3677 679 3744 χοὶ·

167 3774 231 3824 pera
247 3749 347 3806 iteam
361 3759 388 3809 ἐκ
403 3760 526 3817 θαλάττης
540 3759 572 3818 εἰς
585 3758 678 3809 θαλάτ-

167 3855 226 3898 ταν,
238 3835 375 3900 nantfrons
391 3841 539 3897 castrorum,
555 3840 621 3887 hosti
637 3855 679 3887 ur-

167 3915 382 3979 bique'obverse,
411 3929 501 3965 natura
529 3930 583 3965 tuta
608 3930 677 3976 erat,

167 3993 234 4046 κατὰ
248 3989 277 4046 δὲ
299 3994 342 4049 τὴν
362 3996 420 4063 πρὸς
442 3996 485 4051 τὴν
510 3997 578 4048 πόλιν
594 3999 678 4057 ἁπλῶς

167 4071 249 4128 οὐδέν·
274 4075 336 4130 αὐτὴ
354 4074 400 4144 γὰρ
424 4077 439 4131 ἡ
460 4081 502 4128 τοῦ
516 4078 592 4128 τόπου
612 4077 680 4146 φύσις

720 2885 798 2932 Gran.
817 2883 881 2943 conj.
891 2881 928 2928 tis
941 2882 973 2928 ab
984 2892 1051 2944 tergo
1062 2881 1132 2942 (alia
1140 2893 1233 2928 natnra

721 2964 863 3023 tumerent)
874 2961 1075 3024 duplumvallum
1082 2977 1106 3007 o.
1113 2962 1152 3009 vel
1160 2962 1232 3022 (nam

720 3056 811 3092 natura
830 3054 847 3089 t.
870 3058 890 3088 e.
909 3038 976 3100 alia)
995 3056 1020 3087 v.
1042 3055 1066 3087 o.
1085 3041 1138 3088 Jac.
1153 3042 1233 3089 Gron.

720 3136 779 3171 aitte
793 3133 885 3170 viatura
903 3131 956 3168 tuta
969 3130 1051 3175 erant,
1076 3131 1104 3167 ut
1119 3121 1219 3169 XXVII
1226 3156 1237 3179 ,.

724 3205 769 3261 18,
782 3220 807 3250 n.
826 3219 856 3260 a,
876 3200 909 3247 ab
921 3210 1001 3263 tergo,
1024 3208 1095 3255 ante,
1109 3215 1123 3244 a
1138 3200 1233 3258 fronte,

721 3281 848 3345 circaque,
868 3291 917 3329 ete
931 3277 1055 3327 lateribus.
1077 3276 1185 3342 (Confer
1202 3273 1240 3326 ad¹

721 3363 848 3420 XXVIII,
862 3360 903 3418 33,
916 3375 941 3406 n.
957 3356 990 3420 1.)
1002 3357 1080 3405 Schel.
1095 3357 1127 3404 ad
1141 3359 1231 3422 Polyb.

723 3441 753 3488 de
767 3450 901 3488 castramet.
909 3455 934 3502 p.
945 3439 993 3486 115¹
999 3456 1008 3484 1
1019 3473 1027 3496 ‚
1038 3449 1062 3486 et
1069 3438 1143 3486 Drak.
1155 3438 1191 3486 tis
1201 3439 1239 3486 ab*

723 3531 789 3585 tergo
799 3520 870 3584 (nam
882 3528 973 3566 natura
982 3528 1035 3566 tuta
1045 3517 1130 3584 eram)
1138 3517 1234 3583 vallem

722 3617 745 3647 o.
755 3599 794 3646 vel
805 3598 842 3647 his
854 3598 902 3646 nisi
910 3598 942 3645 ab
952 3609 1031 3662 tergo.
1039 3614 1089 3646 ..n.
1099 3597 1163 3645 vall.
1174 3583 1212 3646 ο.”

760 3695 782 3738 7.
796 3678 915 3726 Caeterztm
925 3677 974 3724 sita
984 3676 1107 3742 Carthago
1118 3677 1190 3725 Nova
1200 3677 1235 3725 sie

723 3771 775 3807 est:
793 3757 863 3816 Sinus
878 3769 924 3814 est,
940 3767 986 3805 etc.
1002 3756 1034 3803 ad
1048 3755 1124 3804 finem
1136 3774 1190 3822 cap.
1203 3757 1235 3805 ad

723 3838 824 3887 verbum
833 3838 883 3884 fere
890 3853 1004 3901 expressa
1016 3853 1030 3883 e
1043 3836 1131 3902 Polyb.
1142 3839 1180 3896 Χ,
1190 3853 1236 3894 10,

728 3936 766 3967 ιι.
783 3918 875 3967 Confer
888 3928 912 3965 et
931 3917 972 3964 Sil.
986 3918 1045 3974 XV,
1060 3932 1110 3964 220
1124 3933 1192 3980 seq.,
1211 3929 1236 3965 et

725 4001 813 4061 Heyne
825 3998 885 4043 Exc.
896 3996 928 4042 ad
937 3996 1004 4059 Virg.
1016 3997 1071 4042 AEn.
1083 3990 1114 4054 1‚‘
1126 3996 1174 4057 159
1184 4013 1235 4058 seq.

725 4105 759 4114 -
780 4077 926 4141 Quingentos
945 4091 1050 4138 passas,
1073 4087 1134 4135 etc,
1162 4076 1244 4122 immo·
1266 4114 1269 4120 .
1345 4100 1348 4105 ·
