2768 4574
196 336 266 408 380
615 336 654 401 r.
688 335 826 401 alvu
1102 311 1242 421 Ιῑὲῑέἷὲῑ

196 456 336 525 missus.
361 455 478 551 Scipio
504 452 772 549 Carthaginem,
805 451 849 522 ad
874 465 956 520 vota
982 450 1168 524 solvenda
1197 455 1269 526 diis

199 589 404 660 munusque
430 562 700 662 gladiatorium,
720 561 819 659 quod
837 563 961 632 mortis
985 574 1118 633 causa²
1147 567 1268 662 patris

196 678 387 770 patruique
406 688 607 770 paraverat,
631 671 831 759 edendum,
852 671 968 741 rediit.
984 672 1267 746 Gladiatorium

197 783 436 878 spectaculum
451 783 518 853 fuit
532 808 607 851 non
622 807 666 853 ex
681 807 724 852 eo
738 806 869 878 genere
888 782 1095 871 hominum,
1120 774 1169 854 ex
1184 811 1267 883 quo

197 892 330 961 lanistis
342 916 549 988 comparare
562 917 640 961 mos
653 906 705 961 est
714 888 741 978 ³,
754 914 954 979 servorum,
967 893 1074 988 quive
1085 895 1266 966 venalem

198 1002 408 1098 sanguinem
419 1000 565 1072 habent.
576 1000 784 1072 Voluntaria
798 1003 914 1072 omnis
927 1015 962 1071 et
975 1003 1133 1098 gratuita
1144 1029 1263 1103 opera

92 1157 95 1163 -
196 1114 435 1209 pugnantium
445 1111 530 1182 fuit:
546 1137 628 1182 nam
639 1112 697 1180 alii
707 1113 805 1183 missi
820 1110 866 1182 ab
879 1112 1009 1209 regulis
1022 1127 1109 1184 sunt
1123 1114 1173 1185 ad
1183 1139 1265 1212 spe

111 1261 113 1265 ·
198 1224 315 1293 cimen
331 1225 443 1293 insitae
458 1225 556 1320 genti
565 1224 705 1293 virtutis
720 1223 1001 1293 ostendendum:
1018 1222 1077 1292 alii
1087 1223 1162 1319 ipsi
1173 1248 1262 1321 pro-

197 1331 298 1420 fessi,
317 1358 353 1403 se
370 1349 591 1429 pugnaturos
608 1333 645 1401 in
663 1334 811 1429 gratiam
830 1331 951 1403 ducis:
967 1332 1053 1402 alios
1071 1332 1263 1405 aemulatio

197 1457 233 1513 et
251 1458 450 1530 certamen,
474 1459 513 1513 ut
537 1457 775 1541 provocarent
796 1441 1051 1538 provocatique
1068 1437 1174 1510 haud
1192 1439 1260 1511 ab·

197 1567 372 1638 niterent,
396 1554 512 1624 traxit.
533 1553 708 1643 Quidam,
732 1576 821 1649 quas
846 1549 1079 1647 disceptando
1101 1565 1262 1622 contro·

197 1662 328 1731 versias
351 1659 455 1732 finire
473 1664 710 1758 nequiverant
724 1675 785 1730 aut
804 1660 1011 1746 noluerant,
1028 1672 1138 1755 pacto
1159 1661 1263 1734 inter
1325 1670 1328 1677 '

197 1774 270 1858 sel,
293 1787 333 1842 ut
351 1774 522 1843 victorem
545 1798 601 1843 res
626 1786 856 1869 sequeretur,
879 1769 976 1841 ferro
997 1769 1259 1843 decreverunt.

195 1884 321 1977 Neque
334 1881 478 1953 obscuri
492 1885 632 1980 generis
642 1883 824 1967 homines,
837 1880 899 1951 sed
912 1879 998 1951 clari
1008 1879 1261 1977 illustresque,

197 1991 325 2062 Corbis
340 2007 375 2060 et
388 1996 502 2062 Orsua
515 1992 694 2089 patrueles
705 1989 832 2062 fratres
842 1987 868 2080 5,
886 1989 931 2060 de
945 1989 1154 2088 principatu
1172 1991 1263 2060 civi-

196 2103 293 2188 tatis,
313 2126 421 2196 quam
438 2101 538 2172 Ibem
550 2100 744 2188 vocabant,
760 2101 999 2198 ambigentes,
1012 2097 1164 2170 serrose
1178 2124 1262 2171 cer·

196 2225 332 2280 taturos
350 2210 499 2306 professi
517 2227 612 2282 sunt.
630 2212 757 2283 Corbis
774 2211 888 2306 major
905 2226 980 2282 erat
998 2221 1112 2279 aetate.
1127 2214 1263 2281 Orsuae

196 2335 298 2416 pater
318 2322 484 2418 princeps
502 2325 665 2418 proxime
682 2321 816 2411 fuerat,
841 2347 861 2391 a
884 2320 992 2392 fratre
1011 2322 1149 2414 majore
1170 2335 1265 2416 post

198 2445 352 2500 mortem
371 2432 446 2525 ejus
464 2433 667 2528 principatu
686 2445 844 2528 accepto.
864 2434 984 2520 Quum
1000 2426 1119 2500 verbis
1138 2428 1265 2501 disce-

198 2555 298 2637 ptare
315 2542 433 2640 Scipio
450 2540 574 2629 vellet,
594 2565 635 2610 ac
653 2542 776 2611 sedare
795 2543 883 2629 iras,
903 2553 1069 2635 negatum
1086 2535 1127 2607 id
1146 2537 1265 2609 ambo

232 2743 256 2774 2.
272 2724 407 2789 Mrmus'que
425 2725 615 2791 gladiatorium,
634 2727 701 2789 quod
743 2735 829 2798 2311,
839 2734 885 2788 143
897 2733 1010 2795 sqNIII,
1022 2743 1070 2791 19²
1078 2743 1115 2790 sq.
1126 2729 1182 2788 XI,
1192 2730 1211 2776 5
1220 2746 1263 2795 sq.

197 2805 279 2851 mortis
290 2821 365 2852 causa
372 2816 435 2861 ,ete
447 2805 488 2852 cui
496 2816 519 2851 et
528 2805 580 2851 ludi
583 2803 699 2870 funebres
779 2819 802 2865 4.
823 2814 901 2857 Paeto
915 2810 1032 2864 intersc;
1046 2805 1102 2853 vide
1120 2806 1194 2866 adl,
1217 2816 1265 2866 41,

197 2883 278 2931 additi
290 2884 402 2931 dicuntur
415 2900 467 2948 cap.
479 2896 540 2931 extr.
554 2885 593 2932 cf.
601 2885 699 2941 XXIII,
743 2905 768 2936 n.
781 2905 826 2947 ιο,
837 2900 861 2935 et
873 2889 904 2936 ad
916 2888 959 2936 Sil.
968 2887 1040 2944 XIV,
1052 2900 1093 2947 97.
1107 2884 1186 2932 Paeti
1199 2887 1263 2936 edd.

198 2964 243 3020 30,
257 2979 283 3010 n.
297 2979 329 3023 9;
341 2963 395 3009 Val.
412 2965 480 3010 Max.
495 2965 549 3022 IX,
562 2973 659 3020 11‚cxt·
675 2979 697 3020 1,
743 2967 887 3015 anteRhen.
897 2982 948 3014 non
960 2963 1065 3029 improb.
1075 2963 1157 3011 Gron.
1171 2991 1212 3000 -—
1231 2968 1266 3014 Ue

198 3055 222 3090 et
235 3042 276 3089 sil.
287 3042 361 3099 XVI,
375 3043 424 3088 288
434 3057 471 3103 sq.
483 3041 530 3099 527
544 3057 580 3103 sq.
740 3046 858 3092 victorem
875 3061 912 3092 res
925 3054 1074 3107 sequeretur,
1093 3041 1202 3090 vitatoria
1222 3060 1264 3092 es·

232 3122 255 3168 3.
272 3120 418 3181 Comparare
432 3135 482 3164 mos
496 3129 544 3175 est,
564 3134 596 3164 sc.
612 3118 698 3180 gladia·
741 3135 791 3182 set,
806 3140 858 3182 res,
875 3124 905 3171 de
919 3123 1007 3186 quibus
1018 3121 1214 3182 disceptaretur,
1234 3122 1264 3170 in

194 3212 268 3247 tores.
276 3200 438 3244 -Serrorum
447 3196 528 3259 quive,
537 3197 699 3259 eorumvequi
741 3203 842 3250 victoris
868 3212 1012 3264 potestatem
1035 3198 1139 3247 veniret.
1162 3199 1205 3248 cf.
1228 3201 1264 3249 nd

195 3279 308 3325 venalem
327 3275 467 3340 sauguinem
488 3275 576 3322 habent
590 3293 599 3322 .·
611 3292 667 3322 nam
684 3293 698 3323 a
742 3283 869 3340 XXXIII,
883 3281 923 3338 13,
938 3295 963 3328 n
975 3279 999 3326 6.
1009 3304 1043 3314 -
1055 3280 1130 3323 Ferro
1143 3276 1263 3326 decreve-

195 3357 287 3404 lanistis
294 3355 434 3403 emebantur
443 3370 494 3402 non
500 3354 574 3403 modo
584 3355 647 3402 servi
656 3366 698 3402 aut
741 3371 812 3416 mnr5
822 3359 879 3406 vide
888 3358 958 3416 adv,
966 3355 1007 3415 55,
1018 3372 1043 3404 n.
1056 3355 1149 3414 1;v11,
1157 3370 1184 3417 9,
1193 3372 1223 3404 ιι.
1233 3364 1262 3422 4;

197 3435 299 3500 captivi,
310 3434 352 3481 sed
369 3446 393 3482 et
411 3433 483 3481 liberi
502 3434 626 3492 homiues,
639 3434 698 3497 qui,
742 3440 817 3496 XXI,
832 3445 878 3496 41,
888 3454 914 3483 n.
925 3453 949 3483 a.

196 3516 269 3562 bonis
283 3515 349 3561 exuti
364 3524 405 3561 aut
423 3514 504 3561 furore
517 3514 642 3572 instincti,
658 3524 699 3561 aut
780 3517 804 3564 5.
824 3515 905 3565 Corbis
923 3526 947 3561 et
965 3515 1043 3560 Orsua
1053 3512 1181 3575 patrueles
1190 3511 1258 3577 fia-

194 3595 222 3641 in
242 3595 342 3657 granam
362 3593 534 3656 Imperatorum
552 3593 596 3659 (ut
616 3594 656 3639 hic
675 3594 699 3640 irr
743 3607 804 3652 tres,
816 3606 862 3643 etc.
873 3595 903 3642 cf.
914 3590 1260 3654 stl.xv1‚5332q.quteos

193 3674 302 3736 gratiam
321 3672 423 3738 ducis),
440 3690 465 3721 se
487 3674 608 3737 vitamque
634 3689 700 3720 suam
735 3672 829 3740 fratres
842 3673 951 3738 geminos
971 3671 1058 3728 fuisse,
1079 3679 1103 3716 et
1119 3680 1261 3734 utrumque

194 3751 287 3800 lanistis
303 3765 328 3800 et
343 3768 420 3800 arenae
432 3752 583 3813 vendebant;
592 3754 635 3817 qui
647 3769 701 3817 pro·
744 3752 887 3801 occubuisse
902 3751 1016 3813 dicit.·-
1025 3749 1092 3795 Ibem
1104 3762 1167 3811 opp.
1178 3764 1258 3797 nno

195 3830 248 3893 pria
263 3831 405 3878 dicebantur
420 3833 554 3889 auctorati,
565 3844 593 3880 ut
610 3847 701 3879 merces
744 3843 831 3896 praeter
844 3830 939 3878 Livium
952 3823 1150 3877 memoras-itus.
1162 3825 1196 3873 ad
1205 3828 1258 3885 ΙΙΙ,

171 3950 173 3957 ,
195 3922 278 3955 eorum
304 3921 512 3958 auctoramentum
532 3923 557 3959 et
573 3911 698 3976 gladiato·
746 3911 790 3968 50,
807 3927 833 3958 n.
853 3925 873 3959 1.
885 3936 919 3945 -
934 3909 958 3954 Α
967 3904 1051 3972 fratre
1066 3902 1174 3969 majore,
1184 3916 1259 3969 patre

194 3980 273 4041 rriun,
289 3989 461 4049 semermium
480 3991 517 4038 vel
535 4002 698 4038 auctorameu-
743 3989 837 4038 Corbis.
853 4015 888 4023 -
906 3987 1030 4050 Negarem
1048 3982 1089 4039 id,
1106 3983 1172 4031 idem
1192 3998 1208 4029 a
1229 4000 1257 4033 se

196 4074 246 4110 tum
256 4066 349 4117 XLIV.
362 4067 390 4112 31
402 4078 463 4114 extr.
473 4069 510 4115 Cf.
520 4068 551 4115 ad
558 4069 697 4125 Juvenall,
741 4068 903 4115 communibus
916 4064 1041 4130 cognatim
1051 4064 1097 4111 bos
1108 4078 1211 4127 quoque
1223 4063 1257 4111 li·
