2768 4574
165 288 234 359 368
598 288 636 351 T.
671 286 810 351 LIVII

164 412 266 499 dem,
284 408 430 479 ordines
451 420 572 476 tamen
593 418 792 490 servantes,
813 402 909 473 haud
929 427 1051 490 secus,
1069 428 1192 500 quam
1205 396 1243 477 si

162 522 314 618 imperio
338 519 440 588 ducis
469 515 614 587 cederet
639 516 778 611 integra
807 515 911 584 acies.
940 511 1011 582 Sed
1039 538 1165 610 quum
1193 540 1242 587 eo

161 636 242 731 ipso
268 630 405 715 acrius,
428 626 493 697 ubi
512 626 717 696 inclinatam
738 622 881 696 sensere
898 648 996 712 rem,
1014 625 1180 698 victores
1200 653 1241 713 se

161 741 325 837 undique
343 738 574 824 inveherent,
591 760 660 807 nec
672 733 775 806 facile
794 736 952 833 impetus
965 736 1141 806 sustineri
1155 762 1243 835 pos-

160 865 234 934 set;
267 872 476 945 quanquam
504 845 685 917 retinebat
713 845 985 942 obsistebatque
1011 845 1239 921 cedentibus

160 959 381 1045 Hasdrubal,
403 957 452 1028 ab
478 974 574 1053 tergo
600 983 675 1041 esse
692 958 799 1028 colles
820 974 1008 1055 tutumque
1025 976 1236 1056 recqrtum,

159 1074 193 1137 si
210 1069 351 1138 modice
368 1093 407 1137 se
431 1074 641 1165 reciperent,
669 1068 873 1154 clamitans,
898 1083 1037 1156 tamen,
1057 1070 1238 1144 vincente

157 1178 413 1250 verecundiam
431 1191 531 1248 metu
549 1177 687 1273 (quum
702 1179 889 1276 proximus
907 1179 1062 1274 quisque
1079 1176 1235 1251 hostem

158 1286 367 1380 cederett),
392 1302 491 1385 terga
509 1288 692 1386 extemplo
707 1287 809 1374 data,
828 1303 937 1384 atque
955 1291 993 1356 in
1007 1285 1133 1385 sugam
1152 1312 1235 1363 sese

158 1425 284 1470 omnes
304 1397 522 1469 effuderunt.
539 1403 590 1469 Ac
609 1400 728 1496 primo
745 1401 942 1469 consistere
960 1400 1058 1494 signa
1077 1399 1119 1469 in
1135 1400 1234 1473 radi·

158 1510 259 1581 cibus
278 1509 444 1593 collium,
468 1534 508 1580 ac
527 1534 696 1581 revocare
713 1512 750 1579 in
768 1509 914 1580 ordines
931 1509 1082 1579 militem
1101 1534 1233 1608 coepe-

155 1636 238 1691 rant
249 1618 277 1707 ⁵,
296 1619 552 1691 cunctantibus
564 1623 602 1691 in
612 1620 800 1692 adversum
814 1621 943 1692 collem
957 1622 1095 1716 erigere
1111 1622 1232 1694 aciem

156 1731 338 1800 Romanis.
357 1729 448 1800 Inde
461 1745 508 1821 ,ut
524 1729 647 1801 inferri
668 1732 820 1829 impigre
839 1733 940 1829 signa
955 1730 1149 1821 viderunt,
1169 1735 1231 1805 in·

155 1855 292 1936 tegrata
312 1838 413 1936 fuga,
428 1841 467 1908 in
482 1855 595 1911 castra
607 1841 727 1938 pavidi
742 1841 1014 1939 compelluntur
1029 1868 1037 1909 :
1053 1865 1125 1912 nec
1143 1868 1232 1939 pro·

155 1950 215 2021 cul
232 1950 326 2020 vallo
346 1956 529 2020 Romanus
550 1949 690 2038 aberat,
712 1953 938 2049 cepissetque
955 1966 1058 2022 tanto
1078 1952 1232 2051 impetu

154 2074 289 2144 castra,
309 2061 401 2129 nise
421 2085 466 2130 ex
479 2060 686 2132 vehementi
707 2058 819 2148 sole⁶,
839 2060 955 2158 qualis
977 2063 1072 2133 inter
1095 2088 1231 2161 graues

154 2169 270 2240 imbre
290 2169 408 2241 nubes
435 2167 723 2269 effulget,‚tanta
743 2175 796 2243 vis
821 2197 923 2268 aquae
948 2171 1161 2267 dejecisset,
1185 2192 1231 2247 ut

153 2281 211 2348 vix
240 2281 277 2371 in
309 2295 420 2351 castra
447 2306 511 2351 sua
542 2285 745 2380 receperint
771 2309 809 2354 se
830 2285 1005 2370 victores3
1039 2285 1230 2380 quosdam

155 2391 259 2458 etiam
289 2390 415 2486 religio
443 2395 579 2489 ceperit
603 2393 755 2463 ulterius
779 2393 977 2491 quidquam
1004 2416 1048 2463 eo
1071 2393 1135 2466 die
1161 2421 1229 2468 co·

154 2499 277 2570 naudi.
304 2501 631 2599 Carthaginienses,
655 2530 864 2600 quanquam
889 2503 1001 2575 fessos
1023 2502 1152 2576 labore
1185 2533 1230 2581 ac

151 2610 366 2682 vulneribus
381 2639 454 2683 nox
470 2612 659 2710 imberque
674 2616 719 2685 ad
733 2617 968 2685 necessariam
985 2616 1149 2713 quietem
1164 2644 1231 2689 vo-

152 2719 274 2802 cabat,
291 2737 431 2807 tamen,
453 2726 537 2820 quia
554 2739 672 2795 metus
689 2739 724 2794 et
740 2724 940 2822 periculum
960 2723 1126 2795 cessandi
1143 2752 1229 2799 non

151 2830 259 2902 dabat
279 2847 436 2930 tempus,
452 2836 567 2930 prima
593 2836 672 2905 luce
690 2836 953 2932 oppugnaturis
973 2831 1144 2905 hostibus
1164 2860 1228 2907 ca·

148 3081 242 3145 Impetu
253 3084 361 3146 equitum
374 3085 523 3148 uelitumque
540 3104 601 3134 rom.
618 3089 659 3135 de·
704 3089 820 3147 tandum,
831 3091 852 3136 ri
859 3090 969 3150 junxeris
975 3089 1108 3154 proximus
1117 3091 1227 3142 hostem.

149 3160 293 3218 fendereut,
307 3174 331 3209 et
353 3162 441 3210 deiude
458 3170 624 3212 consternatos
642 3185 658 3212 a
703 3168 740 3215 Cf.
751 3168 782 3215 ad
794 3172 834 3228 11,
847 3171 896 3227 48,
907 3186 931 3216 n.
943 3170 967 3216 5.

149 3240 262 3287 cornibus
285 3241 385 3288 rediisse
404 3260 477 3307 seque
502 3245 610 3292 intulisse
633 3246 657 3292 in
739 3248 762 3296 5.
783 3252 820 3295 Ac
832 3249 913 3312 primo
932 3248 1061 3295 consistere
1075 3249 1168 3314 signa,
1193 3271 1226 3302 ac

149 3319 256 3365 mediam
280 3319 366 3368 aciem.
385 3349 420 3356 —-
440 3324 538 3371 cederet
563 3325 658 3389 integra
702 3342 815 3374 revocare
823 3328 952 3376 inordina
961 3327 1059 3375 militem
1073 3345 1226 3394 coeperam

150 3397 224 3445 acies.
241 3398 315 3444 Velut
335 3400 355 3445 si
370 3401 483 3449 cederent
506 3419 557 3450 non
580 3405 657 3461 victi,
702 3407 782 3469 «quia
790 3407 861 3471 signa
871 3418 1033 3472 noupossuut
1042 3408 1226 3462 dicirevocare

149 3491 200 3522 uon
218 3476 303 3540 pulsi:
325 3494 352 3525 ea
369 3481 447 3542 praelii
469 3480 612 3529 conditione
634 3495 657 3530 et
702 3484 1057 3541 milites,videturmeliusesse
1067 3491 1226 3541 constituere

149 3553 261 3612 fortuna,
281 3567 309 3602 ut
322 3570 402 3606 essent
415 3560 508 3622 integra
528 3561 598 3610 acies.
618 3565 660 3611 Le·
701 3564 785 3629 signa,
803 3578 830 3614 ut
849 3568 892 3614 lib.
902 3569 936 3625 V,
956 3567 1002 3625 553
1019 3569 1158 3627 XXXIII,
1178 3590 1224 3629 ro;

149 3633 254 3694 gendum
260 3635 340 3683 forsan
348 3638 467 3696 cederent,
475 3641 542 3702 quod
551 3642 577 3687 in
584 3642 657 3689 codd.
702 3647 825 3703 XXXIV,
837 3663 885 3703 ⁹03
899 3647 941 3694 sed
951 3647 991 3694 hic
999 3646 1116 3711 praefecti
1119 3684 1128 3706 ‚
1145 3651 1224 3701 dam

148 3713 203 3758 Put.
214 3724 238 3759 et
245 3714 339 3762 Victor.
347 3717 442 3765 invenit
450 3720 590 3780 ereverius,
598 3734 622 3768 et
631 3723 657 3768 in
702 3725 811 3788 suppleri
823 3738 905 3789 potest
916 3749 937 3774 22.
947 3727 1012 3774 nuk.
1033 3727 1072 3776 Cf.
1085 3728 1119 3775 ad
1131 3746 1157 3778 c.
1175 3733 1224 3789 ιθ,

147 3786 353 3848 quibusdamatiis
361 3813 412 3844 esse
420 3809 522 3845 testatur
531 3800 655 3848 braulio.
702 3816 754 3851 not.
772 3822 794 3852 1.

182 3876 208 3919 ls-
225 3871 303 3930 Quum
312 3876 442 3936 proximus
454 3877 554 3941 quisque
565 3878 655 3926 hostem
735 3884 759 3931 6.
778 3886 820 3931 Ex
834 3884 972 3932 vehementi
982 3886 1047 3940 sole,
1069 3901 1181 3952 propter
1197 3904 1224 3941 et

148 3945 260 3994 cederet:
272 3951 345 3999 immo
365 3957 487 4012 crederem·
505 3960 556 4006 Jac.
576 3960 653 4006 Grou.
699 3974 757 4023 post
766 3963 878 4011 ardorem
887 3965 992 4011 solis.-
1000 3966 1130 4026 Quosdam
1141 3972 1223 4019 ῑτίωη

147 4024 286 4074 Praestiteris
300 4030 363 4078 hosti
374 4036 475 4085 cederet.
497 4037 544 4085 Sed
557 4038 592 4084 nil
604 4055 655 4086 mii·
701 4041 785 4103 religio
803 4043 905 4105 ceperit,
920 4054 966 4092 etc.
985 4043 1061 4107 (vide
1080 4046 1113 4094 ad
1129 4051 1175 4107 ΙΙ,
1191 4052 1222 4112 5,
