2768 4574
180 302 298 406 33:322:
372 318 523 386 crana
553 317 994 385 xxvrncanxrx.
1113 313 1205 410 -377
1281 374 1284 379 .

154 444 309 539 legatus,
329 438 472 510 duobus
500 436 604 521 simul
624 436 710 506 loeis
729 436 875 532 ancipiti
894 437 1056 505 terroret
1077 434 1205 507 urbem

156 549 423 650 aggrediuntur.
452 551 537 618 Non
567 545 641 615 dux
667 570 762 615 unus
792 558 853 615 aut
882 544 1002 641 plures
1024 546 1209 643 'principes

158 661 380 759 oppidanos,
406 658 468 729 sed
489 682 574 729 suus
599 657 758 752 ipsorum
787 679 830 724 ex
856 655 1071 725 conscientia
1094 656 1209 753 culpae

157 786 274 842 metus
293 769 338 839 ad
357 765 619 856 defendendam
643 767 794 869 impigre
811 764 938 835 urbem
964 763 1141 835 hortatur.
1164 773 1208 837 Et
1298 802 1301 809 ·

157 881 413 967 meminerant,
433 891 468 948 et
483 874 726 946 admonebant
740 875 799 944 alii
813 875 917 962 alios,
932 875 1145 972 supplicium
1163 901 1211 946 ex

157 1015 210 1076 se,
235 1015 308 1060 non
331 993 538 1073 victoriam,
550 992 640 1083 peti.
667 986 737 1055 Ubi
755 992 905 1082 quisque
929 1002 1077 1055 mortem
1099 1010 1209 1082 oppe-

159 1116 261 1185 teret,
289 1099 329 1168 id
349 1093 520 1187 referre⁵;
550 1113 667 1166 utrum
693 1100 729 1165 in
749 1121 881 1192 pugna
906 1111 941 1165 et
964 1101 1000 1164 in
1024 1101 1120 1181 acie,
1148 1095 1212 1164 ubi

159 1214 259 1278 Mars
282 1213 479 1277 eommunis
500 1222 536 1276 et
552 1212 686 1276 victum
704 1230 800 1301 soepe
819 1211 967 1300 erigeret
981 1221 1018 1274 et
1035 1205 1213 1301 affligeret

158 1321 346 1402 victorem,
364 1342 413 1386 an
422 1316 634 1412 postmodO,
654 1306 811 1384 cremata
825 1331 861 1384 et
873 1316 992 1384 diruta
1006 1315 1109 1402 urbe,
1127 1331 1211 1384 ante

160 1449 225 1494 ora
245 1442 431 1521 captarum.
446 1427 637 1520 conjugum
655 1424 933 1520 liberorumque,
954 1430 1046 1494 inter
1058 1423 1211 1494 verbera

160 1548 199 1602 et
212 1533 376 1620 vincula,
399 1541 521 1604 omnia
531 1534 641 1625 faeda
663 1549 772 1628 atque
790 1534 938 1629 indigna
947 1541 1069 1631 passi,
1091 1540 1212 1631 escapi-

160 1659 290 1713 rarent.
306 1644 418 1741 Igitur
436 1668 512 1714 non
535 1643 695 1713 militaris
713 1642 824 1713 modo
846 1657 946 1730 aetas,
970 1657 1031 1713 aut
1051 1644 1118 1711 viri
1135 1658 1212 1712 tau*-

161 1768 255 1841 tum,
280 1753 343 1824 sed
363 1751 504 1824 femine
526 1754 705 1851 puerique
724 1777 831 1850 supra
852 1754 961 1822 animi
979 1754 1213 1850 corporisque

160 1865 253 1934 vires
269 1863 419 1952 adsunt;
435 1860 749 1961 propugnantibus
765 1861 832 1932 tela
849 1862 1065 1949 ministrant,
1081 1885 1163 1930 saxa
1175 1863 1214 1930 in

160 1997 283 2043 muros
303 1972 552 2043 munientibus
570 1986 712 2068 gerunt.
735 1977 818 2044 Non
838 1970 981 2065 libertas
1001 1972 1117 2043 solum
1135 1996 1215 2068 age·

160 2080 286 2169 batur,
310 2107 388 2178 quae
411 2083 570 2153 virorum
599 2079 748 2151 fortium
768 2096 908 2151 tanturn
926 2088 1075 2178 pectora
1100 2080 1214 2168 acuit,

162 2190 225 2261 sed
242 2191 368 2261 ultima
389 2193 551 2261 omnium
571 2187 768 2288 supplicia6
787 2206 823 2261 et
841 2189 936 2263 foeda
951 2215 1048 2260 mors
1066 2188 1115 2260 ob
1131 2215 1215 2260 ocu·

161 2300 214 2371 los
240 2314 324 2371 erat.
347 2299 646 2372 Accendebantur
671 2302 780 2371 animi
807 2315 842 2371 et
867 2302 1059 2371 certamine
1082 2299 1215 2371 laboris

161 2437 202 2482 ac
214 2410 365 2508 periculi
379 2425 487 2507 atque
500 2411 579 2508 ipso
593 2413 684 2481 inter
696 2435 734 2482 se
748 2426 943 2509 conspectu
958 2438 965 2479 ε
979 2413 1100 2507 itaque
1114 2425 1217 2482 tanto

164 2520 291 2592 ardore
316 2536 496 2592 certamen
521 2523 651 2591 initum
677 2536 749 2608 est,
777 2536 816 2591 ut
841 2521 999 2591 domitor
1021 2521 1081 2590 ille
1106 2523 1217 2590 totius

162 2631 338 2726 Hispania
357 2632 552 2718 exercitus,
580 2629 625 2700 ab
644 2631 751 2700 unius
770 2629 894 2726 oppidi
913 2632 1103 2724 juventute
1123 2653 1216 2725 saepe

163 2739 326 2833 repulsus
340 2762 360 2807 a
375 2741 502 2826 muris,
518 2739 615 2809 haud
629 2741 712 2809 satis
726 2738 860 2808 decoro
875 2739 997 2834 praelio
1011 2738 1216 2833 trepidaret.

164 2845 206 2915 Id
226 2844 290 2915 ubi
306 2846 394 2916 vidit
411 2848 550 2942 Scipio,
569 2849 721 2934 veritus,
740 2871 786 2915 ne
805 2846 904 2916 vanis
925 2843 1113 2916 conatibus
1131 2871 1216 2917 suo-

164 2979 246 3024 rum
269 2968 303 3025 et
328 2953 493 3024 hostibus
515 2968 689 3025 cresceret
707 2955 866 3040 animus,
892 2969 928 3024 et
949 2955 1091 3052 segnior
1115 2954 1217 3025 miles

165 3063 286 3153 fieret,
313 3063 454 3136 sibimet
480 3063 685 3134 conandum
703 3088 744 3134 ac
764 3078 902 3161 partem
919 3066 1068 3161 periculi
1093 3090 1216 3163 capes-

166 3176 313 3248 sendam
335 3198 411 3246 esse
431 3188 550 3262 ratus,
572 3175 746 3273 increpita
771 3176 910 3272 ignavia
929 3177 1105 3267 militurn,
1130 3175 1217 3248 ferri

201 3362 224 3408 4.
235 3353 344 3416 Ancipiti
351 3350 633 3410 terrore,·vid.1,a5,u.
642 3359 668 3407 4.
710 3351 831 3416 flagitare,
849 3362 932 3400 monet
947 3353 1019 3401 Doer.
1033 3351 1124 3402 Contra
1146 3354 1216 3402 Crev.

202 3429 226 3476 5.
245 3431 279 3477 ld
289 3430 391 3496 referre3
404 3431 461 3480 vide
481 3431 513 3478 ad
531 3432 609 3490 VIII,
622 3432 666 3494 39,
710 3432 812 3495 putabat
826 3446 878 3478 eam
894 3431 981 3495 frigere
997 3432 1030 3479 ob
1047 3449 1074 3479 ea
1090 3449 1144 3496 quae
1158 3448 1218 3498 prae·

166 3523 191 3552 n.
206 3508 230 3554 3.
245 3534 280 3543 —
290 3511 356 3556 Mars
369 3508 513 3566 communis,·
526 3508 583 3556 vide
595 3509 627 3556 ad
635 3511 668 3573 Y,
711 3511 801 3558 cedunt
814 3510 891 3558 solum
898 3546 906 3568 ,
921 3511 1009 3568 modo,
1020 3523 1123 3560 tanturn.

169 3600 214 3643 12,
225 3601 250 3632 n.
266 3601 288 3633 1.
298 3615 333 3623 -
343 3588 457 3636 Militaris
468 3600 543 3646 oetas,
556 3588 668 3637 homines
747 3590 770 3636 6.
787 3589 877 3636 Ultima
894 3589 1001 3636 omnium
1018 3589 1153 3653 supplicia,
1171 3602 1218 3639 ete.

166 3663 264 3710 militari
281 3675 357 3712 aetate.
370 3694 405 3703 —
421 3668 479 3715 Non
492 3666 557 3714 enim
571 3666 668 3716 libertas
711 3667 742 3715 al.
757 3667 876 3715 omnibus.
888 3670 976 3716 Sensus
987 3679 1037 3726 eat,
1051 3684 1102 3715 non
1122 3680 1216 3718 tantum

166 3742 243 3789 solum
257 3743 389 3806 agebatur;
396 3744 509 3804 vitun,
519 3746 590 3805 31,n.
600 3746 623 3794 5.
634 3773 669 3783 -
712 3762 778 3793 suam
789 3762 910 3809 quemque
919 3762 949 3793 ex
958 3746 1099 3810 oppidanis,
1109 3747 1151 3795 sed
1161 3749 1219 3797 alio-

171 3821 288 3876 Tantum,
304 3831 447 3886 tantopere:
461 3834 503 3871 aut
516 3823 594 3871 solum
602 3859 609 3884 ,
617 3841 669 3872 non
712 3841 766 3872 rum
775 3825 856 3883 etiam,
863 3824 944 3887 primo
950 3825 1151 3888 propinquorum,
1161 3827 1217 3875 dein

167 3897 214 3945 nisi
228 3897 462 3963 virorumfhrtiurn,
480 3918 531 3949 non
544 3913 568 3950 et
580 3897 669 3966 'puero-
713 3903 845 3950 amicorum
852 3912 877 3950 et
883 3904 981 3962 civium,
989 3904 1065 3950 vicem
1072 3905 1217 3964 miseratum,

168 3994 237 4035 rum;
250 3993 298 4040 quo
315 3993 386 4026 sensu
395 3978 457 4026 hano
472 3981 614 4044 particulam
631 3999 669 4029 ea·
714 3993 738 4029 et
750 3983 854 4029 futuram
867 3983 1024 4032 calamitatem
1036 3984 1116 4033 auimo
1128 4002 1218 4051 praece·

168 4055 280 4120 piendam
307 4072 358 4104 esse
386 4068 409 4104 et
436 4058 512 4122 ipsam
540 4077 590 4108 rern
618 4076 669 4108 eam
713 4061 792 4125 pisse3
809 4061 885 4108 Gron.
