2768 4574
212 305 259 386 to
638 299 676 363 r.
710 298 848 365 mvn
1122 273 1245 381 tta

210 433 391 521 puntque.
402 419 508 490 Multi
520 418 711 506 vulnerati,
726 420 832 489 etiam
847 441 939 514 quos
949 417 1041 487 vires
1054 418 1270 514 sanguisque

211 532 408 612 desereret,
422 544 462 599 ut
474 532 568 599 intra
582 529 713 599 vallum
730 529 888 600 hostium
905 526 1089 614 caderent,
1107 527 1269 598 niteban-

209 656 281 714 tur.
301 645 414 739 Capta
427 642 548 737 itaque
567 656 752 711 momento
775 640 967 736 temporis,
988 637 1083 708 velut
1103 640 1140 706 in
1160 637 1270 736 plano

210 749 303 827 sita⁵
321 777 389 822 nec
405 753 609 850 permunita
625 765 748 823 castra.
765 752 885 823 Caedes
904 749 1008 835 inde,
1025 773 1099 818 non
1115 749 1186 843 jam
1204 773 1269 844 pu-

210 886 279 958 gna
295 878 386 949 erat,
406 861 576 933 omnibus
592 863 684 932 intra
703 861 835 931 vallum
854 861 1049 959 permixtis.
1073 864 1187 956 Supra
1208 882 1270 929 sex

207 971 319 1044 millia
340 973 500 1044 hostium
519 975 656 1059 occisa,
678 997 783 1070 supra
804 987 940 1071 septem
960 971 1069 1040 millia
1087 971 1268 1067 capitum,

209 1108 291 1154 cum
305 1081 625 1154 frumentatoribus
643 1085 824 1180 campanis
842 1082 1014 1177 omnique
1027 1080 1269 1178 plaustrorum

210 1208 246 1265 et
260 1194 509 1289 jumentorum
527 1209 714 1293 apparatu,
732 1208 856 1291 capta:
875 1208 910 1263 et
928 1192 992 1263 alia
1011 1193 1136 1288 ingens
1150 1186 1270 1286 praeda

207 1301 294 1393 fuit,
310 1330 420 1402 quam
434 1311 583 1390 Hanno,
598 1304 881 1403 populabundus
895 1305 1024 1401 passim
1038 1325 1153 1398 quum
1166 1303 1268 1389 isset,

208 1441 251 1501 ex
273 1418 454 1487 sociorum
476 1415 603 1515 populi
621 1417 762 1485 romani
778 1417 870 1512 agris
887 1427 1053 1484 traxerat.
1076 1409 1185 1497 Inde,
1205 1409 1269 1479 de·

203 1526 307 1620 jectis
321 1525 480 1598 hostium
494 1527 617 1599 castris
627 1524 656 1612 ⁶,
670 1533 916 1598 Beneventum
930 1524 1085 1595 reditum
1100 1534 1168 1606 est,
1181 1545 1268 1617 prae-

206 1634 364 1732 damque
382 1636 435 1708 ibi
453 1634 562 1707 ambo
581 1637 747 1708 consules
769 1653 783 1732 l
793 1662 875 1707 nam
895 1650 930 1706 et
953 1638 1017 1729 Ap.
1037 1629 1207 1702 Claudius
1225 1655 1268 1700 eo

205 1760 289 1843 post
314 1770 450 1845 paucos
475 1748 551 1819 dies
574 1749 695 1817 venir·
718 1746 961 1818 vendiderunt
984 1743 1266 1838 diviseruntque.

206 1858 249 1923 Et
263 1853 407 1942 donati,
421 1880 578 1953 quorum
594 1881 705 1954 opera
722 1874 833 1928 castra
848 1857 1005 1926 hostium
1022 1867 1125 1950 capta
1141 1867 1242 1922 erant
1258 1879 1265 1919 ε

205 1975 289 2033 ante
306 1964 394 2034 alios
412 1969 581 2058 Accuaeus
598 1965 784 2062 Pelignus,
803 1982 839 2037 et
850 1971 887 2034 T.
907 1966 1083 2034 Pedanius
1102 1965 1268 2062 princeps

202 2072 317 2142 tertiae
331 2073 516 2170 legionis7.
533 2078 668 2145 Hanno
676 2074 721 2145 ab
737 2075 903 2146 Cominio
914 2076 1035 2145 Cerito
1047 2071 1074 2163 ⁸,
1090 2099 1164 2170 quo
1175 2099 1268 2144 nun-

201 2183 288 2251 tiata
307 2197 508 2253 castrorum
527 2182 644 2256 clades
664 2200 733 2272 est,
753 2209 836 2256 cum
853 2185 975 2281 paucis
997 2182 1266 2254 frumentatori-

201 2290 288 2380 bus,
312 2317 405 2390 quos
426 2292 517 2367 forte
536 2319 658 2379 secum
676 2297 871 2383 habuerat,
890 2294 983 2394 fuga
1002 2295 1132 2391 magis,
1156 2316 1267 2388 quam

202 2403 362 2491 itineris,
380 2405 490 2475 modo
508 2407 551 2476 in·
563 2409 721 2505 Bruttios
740 2406 854 2477 rediit.

250 2517 326 2584 XV.
350 2518 395 2585 Et
413 2519 609 2615 Campani,
631 2518 752 2589 audita
770 2542 833 2586 sua
854 2517 990 2613 pariter
1011 2515 1266 2610 sociorumque

203 2621 322 2709 clade,
345 2624 481 2722 legatos
500 2627 545 2698 ad
566 2627 803 2699 Hannibalem
822 2629 1017 2710 miserunt,
1037 2626 1100 2721 qni
1121 2626 1264 2694 nuntia·

202 2747 307 2821 rent,
330 2734 421 2806 duos
441 2738 602 2809 consules
628 2739 681 2808 ad
695 2743 933 2807 Beneventum
958 2761 1049 2823 esse,
1070 2736 1144 2805 diei
1160 2740 1226 2804 iter
1242 2759 1265 2802 a

206 2845 357 2944 Capaa‚·
378 2862 517 2918 tantam
534 2874 608 2918 non
625 2848 814 2944 adportas
832 2862 868 2916 et
887 2871 1007 2916 maros
1026 2844 1158 2916 bellum
1179 2868 1263 2913 erse.

201 2956 255 3025 Ni
258 2979 417 3051 propere
428 2957 631 3041 subveniat,
652 2956 797 3026 celerias
815 2959 995 3053 Capuam,
1010 2981 1122 3054 qnam
1133 2958 1264 3049 Arpos,

199 3068 453 3162 ⁴inpotestatem
462 3068 616 3141 hasnum
626 3073 895 3146 trasimunde
906 3073 1097 3145 Tarentum
1109 3064 1264 3162 quidem,

201 3261 407 3321 quemadmodum
422 3263 464 3327 qui
476 3262 549 3326 primi
563 3262 657 3309 ordinis
663 3263 713 3327 pili
755 3264 893 3325 dicebatur;
905 3266 995 3314 Stroth.
1008 3265 1081 3315 Conf.
1095 3274 1176 3310 tamen
1185 3262 1217 3309 nd
1226 3265 1264 3326 11,

200 3353 244 3394 seu
261 3341 400 3388 triariorum
413 3340 524 3387 centurio
539 3351 588 3399 est,
602 3351 626 3388 et
635 3341 712 3404 primi
756 3361 799 3406 27,
814 3363 839 3395 n.
853 3364 877 3406 7.

193 3416 244 3480 pili
257 3420 380 3475 centurio,
394 3430 417 3466 et
432 3420 484 3482 ipse
493 3419 710 3484 primuspilusrli-
791 3426 814 3472 5.
832 3423 939 3481 Velatin
947 3424 1025 3487 plano
1039 3422 1101 3478 sita,·
1115 3422 1264 3483 conf.supra
1307 3431 1313 3443 ⁴

198 3495 275 3556 citur,
288 3497 407 3561 imprimi
418 3497 511 3544 hastati
522 3498 556 3563 (ln
569 3516 590 3546 e.
603 3499 711 3549 hastato·
754 3504 785 3552 ad
798 3520 851 3567 cap.
864 3503 908 3561 13,
919 3519 946 3550 n.
959 3503 983 3550 5.

198 3590 253 3622 rum
271 3573 381 3639 ordinis)
401 3576 508 3623 centurio
529 3571 601 3631 etiam
615 3581 710 3644 primus
789 3583 812 3629 6.
830 3580 934 3646 Dejectis
954 3578 1058 3627 hostium
1081 3577 1183 3634 castris,·
1201 3577 1264 3626 forte

197 3653 325 3709 hastatas,
342 3664 366 3700 et
380 3654 456 3716 primi
468 3656 585 3720 principis
601 3661 710 3712 ¹centurio
753 3663 800 3725 leg.
815 3660 921 3724 direptis.

195 3732 272 3779 etism
290 3731 385 3793 primns
403 3733 517 3799 princeps
539 3736 590 3785 dici
610 3750 709 3802 potest:
791 3757 814 3801 7.
826 3740 940 3802 Princeps
954 3737 1032 3786 tertioe
1044 3737 1156 3803 legionis,
1170 3753 1183 3783 e
1196 3737 1263 3799 prin-

199 3809 261 3858 ordo
281 3820 361 3857 autem
380 3815 550 3863 centurionum
568 3817 594 3864 in
614 3817 710 3881 legione
754 3819 863 3883 cipibus,
882 3835 913 3865 ex
932 3834 1016 3865 eorum
1034 3817 1139 3866 militum
1161 3816 1262 3874 ordine,

198 3888 240 3935 hie
257 3899 323 3946 erat,
340 3900 368 3938 ut
391 3891 478 3940 decimi
501 3893 594 3943 hastati
612 3895 710 3944 infimus
755 3897 797 3962 qui
806 3896 1070 3960 principesvocantum
1084 3896 1175 3946 Stroth.
1190 3896 1261 3945 Conl.

197 3977 249 4013 erat
257 3977 281 4013 et
292 3983 399 4018 summus
405 3971 484 4036 primi
491 3974 552 4038 pili,
567 3977 610 4039 qui
619 3977 676 4024 inde
687 3988 711 4024 et
756 3976 788 4024 ad
799 3979 838 4035 H,
852 3991 895 4036 27,
907 3993 933 4023 n.
944 3992 967 4037 7.

197 4043 259 4103 ¹olins
272 4044 340 4119 (vide
352 4051 416 4114 vlt,
432 4053 477 4120 (μ)
491 4054 586 4128 primns
604 4056 711 4104 centurio
793 4055 862 4104 8.Αό
871 4055 978 4104 Cominio
987 4054 1077 4113 Cerito;
1084 4072 1107 4104 v.
1114 4058 1148 4114 X,
1157 4055 1198 4116 39,
1205 4069 1259 4101 ma.
