<?xml version="1.0" encoding="UTF-8"?>
<!DOCTYPE html PUBLIC "-//W3C//DTD XHTML 1.0 Transitional//EN"
    "http://www.w3.org/TR/xhtml1/DTD/xhtml1-transitional.dtd">
<html xmlns="http://www.w3.org/1999/xhtml" xml:lang="en" lang="en">
 <head>
  <title>
</title>
<meta http-equiv="Content-Type" content="text/html;charset=utf-8" />
  <meta name='ocr-system' content='tesseract 3.04.00' />
  <meta name='ocr-capabilities' content='ocr_page ocr_carea ocr_par ocr_line ocrx_word'/>
</head>
<body>
  <div class='ocr_page' id='page_1' title='image "./titusliviuspata04freigoog_0402.png"; bbox 0 0 2768 4574; ppageno 0'>
   <div class='ocr_carea' id='block_1_1' title="bbox 183 304 1211 420">
    <p class='ocr_par' dir='ltr' id='par_1_1' title="bbox 183 304 1211 420">
     <span class='ocr_line' id='line_1_1' title="bbox 183 304 1211 420; baseline 0.005 -30"><span class='ocrx_word' id='word_1_1' title='bbox 183 304 244 405; x_wconf 46' lang='grc' dir='ltr'>ἕξ</span> <span class='ocrx_word' id='word_1_2' title='bbox 258 306 304 411; x_wconf 68' lang='lat'>3221</span> <span class='ocrx_word' id='word_1_3' title='bbox 344 324 499 391; x_wconf 72' lang='lat' dir='ltr'>traua</span> <span class='ocrx_word' id='word_1_4' title='bbox 532 323 712 388; x_wconf 83' lang='lat' dir='ltr'>xxviii.</span> <span class='ocrx_word' id='word_1_5' title='bbox 740 323 844 389; x_wconf 78' lang='lat' dir='ltr'>oar.</span> <span class='ocrx_word' id='word_1_6' title='bbox 872 325 1051 391; x_wconf 77' lang='lat' dir='ltr'>xxviii.</span> <span class='ocrx_word' id='word_1_7' title='bbox 1144 326 1211 420; x_wconf 81' lang='lat'>397</span> 
     </span>
    </p>
   </div>
   <div class='ocr_carea' id='block_1_2' title="bbox 143 439 1221 3062">
    <p class='ocr_par' dir='ltr' id='par_1_2' title="bbox 143 439 1221 3062">
     <span class='ocr_line' id='line_1_2' title="bbox 158 439 1212 517; baseline 0.008 -8"><span class='ocrx_word' id='word_1_8' title='bbox 158 470 323 516; x_wconf 81' lang='lat' dir='ltr'>«nomen</span> <span class='ocrx_word' id='word_1_9' title='bbox 352 467 496 514; x_wconf 89' lang='lat' dir='ltr'>meum:</span> <span class='ocrx_word' id='word_1_10' title='bbox 515 442 605 511; x_wconf 90' lang='lat' dir='ltr'>nihil</span> <span class='ocrx_word' id='word_1_11' title='bbox 628 441 722 511; x_wconf 86' lang='lat' dir='ltr'>ultra</span> <span class='ocrx_word' id='word_1_12' title='bbox 742 439 844 511; x_wconf 79' lang='lat' dir='ltr'>facile</span> <span class='ocrx_word' id='word_1_13' title='bbox 866 442 1035 513; x_wconf 81' lang='lat' dir='ltr'><strong>creditam</strong></span> <span class='ocrx_word' id='word_1_14' title='bbox 1058 463 1212 517; x_wconf 87' lang='lat' dir='ltr'>mortem</span> 
     </span>
     <span class='ocr_line' id='line_1_3' title="bbox 157 547 1212 649; baseline 0.009 -32"><span class='ocrx_word' id='word_1_15' title='bbox 157 578 302 624; x_wconf 86' lang='lat' dir='ltr'>«meam</span> <span class='ocrx_word' id='word_1_16' title='bbox 320 577 340 622; x_wconf 90' lang='lat' dir='ltr'>a</span> <span class='ocrx_word' id='word_1_17' title='bbox 357 551 459 621; x_wconf 88' lang='lat' dir='ltr'>vobis</span> <span class='ocrx_word' id='word_1_18' title='bbox 476 551 627 621; x_wconf 85' lang='lat' dir='ltr'>violatus</span> <span class='ocrx_word' id='word_1_19' title='bbox 647 547 749 621; x_wconf 67' lang='lat' dir='ltr'>simss.</span> <span class='ocrx_word' id='word_1_20' title='bbox 767 550 886 640; x_wconf 86' lang='lat' dir='ltr'><strong>Quid?</strong></span> <span class='ocrx_word' id='word_1_21' title='bbox 902 553 931 620; x_wconf 89' lang='lat' dir='ltr'>si</span> <span class='ocrx_word' id='word_1_22' title='bbox 949 578 1014 649; x_wconf 88' lang='lat' dir='ltr'>ego</span> <span class='ocrx_word' id='word_1_23' title='bbox 1032 580 1212 642; x_wconf 87' lang='lat' dir='ltr'>morerer,</span> 
     </span>
     <span class='ocr_line' id='line_1_4' title="bbox 157 658 1214 757; baseline 0.008 -29"><span class='ocrx_word' id='word_1_24' title='bbox 157 694 173 728; x_wconf 85' lang='lat'>«</span> <span class='ocrx_word' id='word_1_25' title='bbox 186 689 328 734; x_wconf 89' lang='lat' dir='ltr'>meeum</span> <span class='ocrx_word' id='word_1_26' title='bbox 341 663 562 757; x_wconf 83' lang='lat' dir='ltr'>exspiratura</span> <span class='ocrx_word' id='word_1_27' title='bbox 576 658 798 757; x_wconf 87' lang='lat' dir='ltr'>respublica,</span> <span class='ocrx_word' id='word_1_28' title='bbox 815 685 956 731; x_wconf 88' lang='lat' dir='ltr'>mecum</span> <span class='ocrx_word' id='word_1_29' title='bbox 973 688 1137 735; x_wconf 91' lang='lat' dir='ltr'>casurum</span> <span class='ocrx_word' id='word_1_30' title='bbox 1152 669 1214 736; x_wconf 90' lang='lat' dir='ltr'>im-</span> 
     </span>
     <span class='ocr_line' id='line_1_5' title="bbox 157 771 1213 872; baseline 0.009 -35"><span class='ocrx_word' id='word_1_31' title='bbox 157 804 174 838; x_wconf 86' lang='lat'>«</span> <span class='ocrx_word' id='word_1_32' title='bbox 188 775 327 870; x_wconf 92' lang='lat' dir='ltr'>perium</span> <span class='ocrx_word' id='word_1_33' title='bbox 348 771 474 868; x_wconf 92' lang='lat' dir='ltr'>populi</span> <span class='ocrx_word' id='word_1_34' title='bbox 493 772 633 841; x_wconf 89' lang='lat' dir='ltr'>romani</span> <span class='ocrx_word' id='word_1_35' title='bbox 655 771 752 840; x_wconf 77' lang='lat' dir='ltr'>erat?</span> <span class='ocrx_word' id='word_1_36' title='bbox 778 794 823 840; x_wconf 91' lang='lat' dir='ltr'>ne</span> <span class='ocrx_word' id='word_1_37' title='bbox 849 771 942 841; x_wconf 87' lang='lat' dir='ltr'>istuc</span> <span class='ocrx_word' id='word_1_38' title='bbox 961 774 1098 870; x_wconf 83' lang='lat' dir='ltr'>Jupiter</span> <span class='ocrx_word' id='word_1_39' title='bbox 1121 773 1213 872; x_wconf 89' lang='lat' dir='ltr'>opti-</span> 
     </span>
     <span class='ocr_line' id='line_1_6' title="bbox 157 879 1214 976; baseline 0.005 -28"><span class='ocrx_word' id='word_1_40' title='bbox 157 913 173 948; x_wconf 80' lang='lat'>«</span> <span class='ocrx_word' id='word_1_41' title='bbox 185 908 265 953; x_wconf 90' lang='lat' dir='ltr'>mus</span> <span class='ocrx_word' id='word_1_42' title='bbox 284 883 460 952; x_wconf 88' lang='lat' dir='ltr'>maximus</span> <span class='ocrx_word' id='word_1_43' title='bbox 479 882 572 969; x_wconf 89' lang='lat' dir='ltr'>sirit,</span> <span class='ocrx_word' id='word_1_44' title='bbox 593 879 749 966; x_wconf 86' lang='lat' dir='ltr'>Urbem,</span> <span class='ocrx_word' id='word_1_45' title='bbox 771 881 953 976; x_wconf 87' lang='lat' dir='ltr'>auspicato</span> <span class='ocrx_word' id='word_1_46' title='bbox 975 880 1041 952; x_wconf 90' lang='lat' dir='ltr'>diis</span> <span class='ocrx_word' id='word_1_47' title='bbox 1059 887 1214 954; x_wconf 86' lang='lat' dir='ltr'>anctori-</span> 
     </span>
     <span class='ocr_line' id='line_1_7' title="bbox 158 987 1215 1086; baseline 0.002 -27"><span class='ocrx_word' id='word_1_48' title='bbox 158 993 256 1064; x_wconf 82' lang='lat' dir='ltr'>«bus</span> <span class='ocrx_word' id='word_1_49' title='bbox 281 994 320 1061; x_wconf 92' lang='lat' dir='ltr'>in</span> <span class='ocrx_word' id='word_1_50' title='bbox 343 1006 517 1062; x_wconf 88' lang='lat' dir='ltr'>aeternum</span> <span class='ocrx_word' id='word_1_51' title='bbox 543 989 744 1076; x_wconf 88' lang='lat' dir='ltr'>conditam,</span> <span class='ocrx_word' id='word_1_52' title='bbox 768 987 883 1086; x_wconf 80' lang='lat' dir='ltr'>fragili</span> <span class='ocrx_word' id='word_1_53' title='bbox 910 988 995 1060; x_wconf 90' lang='lat' dir='ltr'>huic</span> <span class='ocrx_word' id='word_1_54' title='bbox 1022 1005 1057 1060; x_wconf 90' lang='lat' dir='ltr'>et</span> <span class='ocrx_word' id='word_1_55' title='bbox 1074 993 1215 1062; x_wconf 79' lang='lat' dir='ltr'>mortali</span> 
     </span>
     <span class='ocr_line' id='line_1_8' title="bbox 157 1099 1216 1200; baseline 0.002 -31"><span class='ocrx_word' id='word_1_56' title='bbox 157 1104 333 1200; x_wconf 93' lang='lat' dir='ltr'>«corpori</span> <span class='ocrx_word' id='word_1_57' title='bbox 354 1100 528 1197; x_wconf 67' lang='lat' dir='ltr'>aequalem</span> <span class='ocrx_word' id='word_1_58' title='bbox 549 1124 635 1171; x_wconf 89' lang='lat' dir='ltr'>esse.</span> <span class='ocrx_word' id='word_1_59' title='bbox 654 1099 851 1188; x_wconf 85' lang='lat' dir='ltr'>Flamini0,</span> <span class='ocrx_word' id='word_1_60' title='bbox 868 1099 1010 1184; x_wconf 82' lang='lat' dir='ltr'>Paullo,</span> <span class='ocrx_word' id='word_1_61' title='bbox 1033 1101 1216 1184; x_wconf 89' lang='lat' dir='ltr'>Graccb0,</span> 
     </span>
     <span class='ocr_line' id='line_1_9' title="bbox 157 1208 1216 1308; baseline 0.004 -31"><span class='ocrx_word' id='word_1_62' title='bbox 157 1242 174 1277; x_wconf 67' lang='lat' dir='ltr'>a</span> <span class='ocrx_word' id='word_1_63' title='bbox 189 1212 373 1282; x_wconf 90' lang='lat' dir='ltr'>Postumio</span> <span class='ocrx_word' id='word_1_64' title='bbox 389 1210 538 1296; x_wconf 84' lang='lat' dir='ltr'>Albino,</span> <span class='ocrx_word' id='word_1_65' title='bbox 555 1214 603 1279; x_wconf 89' lang='grc' dir='ltr'>Μ.</span> <span class='ocrx_word' id='word_1_66' title='bbox 617 1208 807 1296; x_wconf 90' lang='lat' dir='ltr'>Marcello,</span> <span class='ocrx_word' id='word_1_67' title='bbox 822 1212 860 1278; x_wconf 91' lang='lat' dir='ltr'>T.</span> <span class='ocrx_word' id='word_1_68' title='bbox 871 1210 1022 1298; x_wconf 88' lang='lat' dir='ltr'>Quintio</span> <span class='ocrx_word' id='word_1_69' title='bbox 1033 1211 1216 1308; x_wconf 90' lang='lat' dir='ltr'>Crispino,</span> 
     </span>
     <span class='ocr_line' id='line_1_10' title="bbox 159 1317 1220 1417; baseline 0.009 -36"><span class='ocrx_word' id='word_1_70' title='bbox 159 1349 175 1382; x_wconf 70' lang='grc' dir='ltr'>ι(</span> <span class='ocrx_word' id='word_1_71' title='bbox 189 1322 253 1388; x_wconf 90' lang='lat' dir='ltr'>Cn.</span> <span class='ocrx_word' id='word_1_72' title='bbox 269 1318 411 1406; x_wconf 89' lang='lat' dir='ltr'>Fulvio,</span> <span class='ocrx_word' id='word_1_73' title='bbox 431 1317 658 1415; x_wconf 88' lang='lat' dir='ltr'>Scipionibus</span> <span class='ocrx_word' id='word_1_74' title='bbox 672 1319 777 1406; x_wconf 89' lang='lat' dir='ltr'>meis,</span> <span class='ocrx_word' id='word_1_75' title='bbox 800 1333 854 1388; x_wconf 90' lang='lat' dir='ltr'>tot</span> <span class='ocrx_word' id='word_1_76' title='bbox 871 1333 944 1388; x_wconf 86' lang='lat' dir='ltr'>tarn</span> <span class='ocrx_word' id='word_1_77' title='bbox 963 1321 1140 1417; x_wconf 87' lang='lat' dir='ltr'>praeclaris</span> <span class='ocrx_word' id='word_1_78' title='bbox 1157 1323 1220 1391; x_wconf 87' lang='lat' dir='ltr'>irn-</span> 
     </span>
     <span class='ocr_line' id='line_1_11' title="bbox 158 1425 1217 1529; baseline 0.01 -39"><span class='ocrx_word' id='word_1_79' title='bbox 158 1457 175 1491; x_wconf 88' lang='lat'>«</span> <span class='ocrx_word' id='word_1_80' title='bbox 188 1425 416 1522; x_wconf 84' lang='lat' dir='ltr'>peratoribus</span> <span class='ocrx_word' id='word_1_81' title='bbox 430 1453 505 1497; x_wconf 92' lang='lat' dir='ltr'>uno</span> <span class='ocrx_word' id='word_1_82' title='bbox 521 1426 617 1498; x_wconf 91' lang='lat' dir='ltr'>bello</span> <span class='ocrx_word' id='word_1_83' title='bbox 637 1425 855 1525; x_wconf 86' lang='lat' dir='ltr'>absumptis,</span> <span class='ocrx_word' id='word_1_84' title='bbox 878 1444 1057 1525; x_wconf 90' lang='lat' dir='ltr'>superstes</span> <span class='ocrx_word' id='word_1_85' title='bbox 1078 1446 1132 1502; x_wconf 90' lang='lat' dir='ltr'>est</span> <span class='ocrx_word' id='word_1_86' title='bbox 1154 1456 1217 1529; x_wconf 93' lang='lat' dir='ltr'>po-</span> 
     </span>
     <span class='ocr_line' id='line_1_12' title="bbox 159 1537 1218 1634; baseline 0.011 -34"><span class='ocrx_word' id='word_1_87' title='bbox 159 1566 176 1601; x_wconf 84' lang='lat'>«</span> <span class='ocrx_word' id='word_1_88' title='bbox 187 1537 296 1633; x_wconf 87' lang='lat' dir='ltr'>polus</span> <span class='ocrx_word' id='word_1_89' title='bbox 310 1562 497 1623; x_wconf 91' lang='lat' dir='ltr'>romanus,</span> <span class='ocrx_word' id='word_1_90' title='bbox 513 1539 673 1634; x_wconf 88' lang='lat' dir='ltr'>eritque,</span> <span class='ocrx_word' id='word_1_91' title='bbox 686 1538 784 1608; x_wconf 89' lang='lat' dir='ltr'>mille</span> <span class='ocrx_word' id='word_1_92' title='bbox 797 1539 872 1608; x_wconf 91' lang='lat' dir='ltr'>aliis</span> <span class='ocrx_word' id='word_1_93' title='bbox 882 1564 981 1609; x_wconf 92' lang='lat' dir='ltr'>nunc</span> <span class='ocrx_word' id='word_1_94' title='bbox 992 1539 1106 1629; x_wconf 85' lang='lat' dir='ltr'>ferro,</span> <span class='ocrx_word' id='word_1_95' title='bbox 1118 1567 1218 1612; x_wconf 92' lang='lat' dir='ltr'>nune</span> 
     </span>
     <span class='ocr_line' id='line_1_13' title="bbox 159 1647 1217 1749; baseline 0.011 -39"><span class='ocrx_word' id='word_1_96' title='bbox 159 1676 176 1711; x_wconf 78' lang='lat' dir='ltr'>u</span> <span class='ocrx_word' id='word_1_97' title='bbox 187 1648 317 1718; x_wconf 92' lang='lat' dir='ltr'>morbo</span> <span class='ocrx_word' id='word_1_98' title='bbox 339 1647 586 1719; x_wconf 88' lang='lat' dir='ltr'>morientibus.</span> <span class='ocrx_word' id='word_1_99' title='bbox 604 1652 687 1718; x_wconf 90' lang='lat' dir='ltr'>Meo</span> <span class='ocrx_word' id='word_1_100' title='bbox 704 1650 811 1719; x_wconf 90' lang='lat' dir='ltr'>unius</span> <span class='ocrx_word' id='word_1_101' title='bbox 833 1647 960 1749; x_wconf 79' lang='lat' dir='ltr'>funere</span> <span class='ocrx_word' id='word_1_102' title='bbox 979 1651 1070 1721; x_wconf 90' lang='lat' dir='ltr'>elata</span> <span class='ocrx_word' id='word_1_103' title='bbox 1090 1653 1217 1749; x_wconf 94' lang='lat' dir='ltr'>populi</span> 
     </span>
     <span class='ocr_line' id='line_1_14' title="bbox 158 1755 1217 1858; baseline 0.009 -36"><span class='ocrx_word' id='word_1_104' title='bbox 158 1760 331 1828; x_wconf 76' lang='lat' dir='ltr'>«romani</span> <span class='ocrx_word' id='word_1_105' title='bbox 347 1772 440 1829; x_wconf 85' lang='lat' dir='ltr'>esset</span> <span class='ocrx_word' id='word_1_106' title='bbox 460 1755 710 1854; x_wconf 69' lang='lat' dir='ltr'>respublicae?</span> <span class='ocrx_word' id='word_1_107' title='bbox 725 1762 798 1829; x_wconf 88' lang='lat' dir='ltr'>Vos</span> <span class='ocrx_word' id='word_1_108' title='bbox 817 1760 885 1855; x_wconf 90' lang='lat' dir='ltr'>ipsi</span> <span class='ocrx_word' id='word_1_109' title='bbox 906 1759 964 1829; x_wconf 92' lang='lat' dir='ltr'>hic</span> <span class='ocrx_word' id='word_1_110' title='bbox 980 1761 1018 1828; x_wconf 91' lang='lat' dir='ltr'>in</span> <span class='ocrx_word' id='word_1_111' title='bbox 1032 1762 1217 1858; x_wconf 87' lang='lat' dir='ltr'>Hispania,</span> 
     </span>
     <span class='ocr_line' id='line_1_15' title="bbox 159 1867 1218 1967; baseline 0.008 -34"><span class='ocrx_word' id='word_1_112' title='bbox 159 1884 291 1965; x_wconf 75' lang='lat' dir='ltr'>«patre</span> <span class='ocrx_word' id='word_1_113' title='bbox 314 1884 350 1940; x_wconf 91' lang='lat' dir='ltr'>et</span> <span class='ocrx_word' id='word_1_114' title='bbox 368 1885 498 1966; x_wconf 87' lang='lat' dir='ltr'>patruo</span> <span class='ocrx_word' id='word_1_115' title='bbox 513 1893 614 1955; x_wconf 88' lang='lat' dir='ltr'>me0,</span> <span class='ocrx_word' id='word_1_116' title='bbox 629 1867 774 1939; x_wconf 91' lang='lat' dir='ltr'>duobus</span> <span class='ocrx_word' id='word_1_117' title='bbox 790 1867 1087 1967; x_wconf 87' lang='lat' dir='ltr'>imperatoribus,</span> <span class='ocrx_word' id='word_1_118' title='bbox 1107 1872 1218 1942; x_wconf 93' lang='lat' dir='ltr'>inter·</span> 
     </span>
     <span class='ocr_line' id='line_1_16' title="bbox 159 1976 1219 2077; baseline 0.008 -35"><span class='ocrx_word' id='word_1_119' title='bbox 159 1976 308 2067; x_wconf 76' lang='lat' dir='ltr'>«lectis,</span> <span class='ocrx_word' id='word_1_120' title='bbox 325 1981 525 2077; x_wconf 90' lang='lat' dir='ltr'>Septimum</span> <span class='ocrx_word' id='word_1_121' title='bbox 544 1980 718 2049; x_wconf 90' lang='lat' dir='ltr'>Marcium</span> <span class='ocrx_word' id='word_1_122' title='bbox 737 1978 909 2050; x_wconf 85' lang='lat' dir='ltr'>ducem¹⁰</span> <span class='ocrx_word' id='word_1_123' title='bbox 927 1978 1032 2050; x_wconf 89' lang='lat' dir='ltr'>vobis</span> <span class='ocrx_word' id='word_1_124' title='bbox 1049 1979 1219 2052; x_wconf 73' lang='lat' dir='ltr'>adversus</span> 
     </span>
     <span class='ocr_line' id='line_1_17' title="bbox 160 2089 1220 2188; baseline 0.006 -34"><span class='ocrx_word' id='word_1_125' title='bbox 160 2090 409 2161; x_wconf 82' lang='lat' dir='ltr'>«exsultantes</span> <span class='ocrx_word' id='word_1_126' title='bbox 429 2092 566 2161; x_wconf 87' lang='lat' dir='ltr'>recenti</span> <span class='ocrx_word' id='word_1_127' title='bbox 583 2091 732 2160; x_wconf 91' lang='lat' dir='ltr'>victoria</span> <span class='ocrx_word' id='word_1_128' title='bbox 750 2094 882 2160; x_wconf 92' lang='lat' dir='ltr'>Poenos</span> <span class='ocrx_word' id='word_1_129' title='bbox 900 2089 1089 2188; x_wconf 84' lang='lat' dir='ltr'>delegistis.</span> <span class='ocrx_word' id='word_1_130' title='bbox 1108 2095 1152 2161; x_wconf 89' lang='lat' dir='ltr'>Et</span> <span class='ocrx_word' id='word_1_131' title='bbox 1170 2093 1220 2162; x_wconf 90' lang='lat' dir='ltr'>sic</span> 
     </span>
     <span class='ocr_line' id='line_1_18' title="bbox 143 2198 1219 2297; baseline 0.007 -33"><span class='ocrx_word' id='word_1_132' title='bbox 143 2228 176 2262; x_wconf 84' lang='lat'>.«</span> <span class='ocrx_word' id='word_1_133' title='bbox 190 2198 342 2295; x_wconf 92' lang='lat' dir='ltr'>loquor,</span> <span class='ocrx_word' id='word_1_134' title='bbox 369 2215 541 2296; x_wconf 86' lang='lat' dir='ltr'>tanquam</span> <span class='ocrx_word' id='word_1_135' title='bbox 570 2200 647 2269; x_wconf 91' lang='lat' dir='ltr'>sine</span> <span class='ocrx_word' id='word_1_136' title='bbox 672 2200 763 2270; x_wconf 88' lang='lat' dir='ltr'>duce</span> <span class='ocrx_word' id='word_1_137' title='bbox 784 2201 962 2297; x_wconf 84' lang='lat' dir='ltr'>Hispaniae</span> <span class='ocrx_word' id='word_1_138' title='bbox 986 2198 1115 2270; x_wconf 75' lang='lat' dir='ltr'>futurae</span> <span class='ocrx_word' id='word_1_139' title='bbox 1140 2200 1219 2272; x_wconf 85' lang='lat' dir='ltr'>lue-</span> 
     </span>
     <span class='ocr_line' id='line_1_19' title="bbox 159 2308 1220 2406; baseline 0.008 -33"><span class='ocrx_word' id='word_1_140' title='bbox 159 2338 176 2372; x_wconf 80' lang='lat'>«</span> <span class='ocrx_word' id='word_1_141' title='bbox 190 2310 264 2379; x_wconf 92' lang='lat' dir='ltr'>rint</span> <span class='ocrx_word' id='word_1_142' title='bbox 276 2320 303 2350; x_wconf 83' lang='lat'>¹¹</span> <span class='ocrx_word' id='word_1_143' title='bbox 322 2337 329 2378; x_wconf 96' lang='lat'><strong>:</strong></span> <span class='ocrx_word' id='word_1_144' title='bbox 348 2313 396 2378; x_wconf 88' lang='grc' dir='ltr'>Μ.</span> <span class='ocrx_word' id='word_1_145' title='bbox 408 2309 567 2396; x_wconf 90' lang='lat' dir='ltr'>Silanus,</span> <span class='ocrx_word' id='word_1_146' title='bbox 585 2308 712 2379; x_wconf 91' lang='lat' dir='ltr'>eodem</span> <span class='ocrx_word' id='word_1_147' title='bbox 725 2309 819 2404; x_wconf 86' lang='lat' dir='ltr'>jure,</span> <span class='ocrx_word' id='word_1_148' title='bbox 834 2308 964 2380; x_wconf 89' lang='lat' dir='ltr'>eodem</span> <span class='ocrx_word' id='word_1_149' title='bbox 980 2310 1133 2406; x_wconf 86' lang='lat' dir='ltr'>imperio</span> <span class='ocrx_word' id='word_1_150' title='bbox 1146 2335 1220 2381; x_wconf 87' lang='lat' dir='ltr'>me·</span> 
     </span>
     <span class='ocr_line' id='line_1_20' title="bbox 158 2418 1219 2516; baseline 0.007 -32"><span class='ocrx_word' id='word_1_151' title='bbox 158 2449 175 2484; x_wconf 88' lang='lat'>«</span> <span class='ocrx_word' id='word_1_152' title='bbox 190 2443 272 2489; x_wconf 93' lang='lat' dir='ltr'>cum</span> <span class='ocrx_word' id='word_1_153' title='bbox 289 2421 326 2489; x_wconf 94' lang='lat' dir='ltr'>in</span> <span class='ocrx_word' id='word_1_154' title='bbox 344 2421 565 2516; x_wconf 90' lang='lat' dir='ltr'>provinciam</span> <span class='ocrx_word' id='word_1_155' title='bbox 581 2421 728 2505; x_wconf 87' lang='lat' dir='ltr'>missus,</span> <span class='ocrx_word' id='word_1_156' title='bbox 745 2424 784 2489; x_wconf 90' lang='lat' dir='ltr'>L.</span> <span class='ocrx_word' id='word_1_157' title='bbox 799 2421 918 2516; x_wconf 92' lang='lat' dir='ltr'>Scipio</span> <span class='ocrx_word' id='word_1_158' title='bbox 937 2418 1046 2490; x_wconf 84' lang='lat' dir='ltr'>frater</span> <span class='ocrx_word' id='word_1_159' title='bbox 1063 2445 1165 2491; x_wconf 91' lang='lat' dir='ltr'>meus</span> <span class='ocrx_word' id='word_1_160' title='bbox 1184 2438 1219 2493; x_wconf 89' lang='lat' dir='ltr'>et</span> 
     </span>
     <span class='ocr_line' id='line_1_21' title="bbox 158 2529 1220 2627; baseline 0.004 -28"><span class='ocrx_word' id='word_1_161' title='bbox 158 2557 175 2590; x_wconf 87' lang='lat'>«</span> <span class='ocrx_word' id='word_1_162' title='bbox 190 2533 229 2599; x_wconf 87' lang='lat' dir='ltr'>C.</span> <span class='ocrx_word' id='word_1_163' title='bbox 244 2529 392 2617; x_wconf 83' lang='lat' dir='ltr'>Laelius,</span> <span class='ocrx_word' id='word_1_164' title='bbox 412 2531 538 2627; x_wconf 88' lang='lat' dir='ltr'>legati,</span> <span class='ocrx_word' id='word_1_165' title='bbox 560 2530 720 2602; x_wconf 89' lang='lat' dir='ltr'>vindices</span> <span class='ocrx_word' id='word_1_166' title='bbox 742 2531 935 2625; x_wconf 88' lang='lat' dir='ltr'>majestatis</span> <span class='ocrx_word' id='word_1_167' title='bbox 957 2532 1098 2627; x_wconf 88' lang='lat' dir='ltr'>imperii</span> <span class='ocrx_word' id='word_1_168' title='bbox 1119 2532 1220 2603; x_wconf 90' lang='lat' dir='ltr'>dees·</span> 
     </span>
     <span class='ocr_line' id='line_1_22' title="bbox 160 2639 1219 2725; baseline 0.008 -23"><span class='ocrx_word' id='word_1_169' title='bbox 160 2640 290 2707; x_wconf 71' lang='lat' dir='ltr'>«senti</span> <span class='ocrx_word' id='word_1_170' title='bbox 307 2645 438 2710; x_wconf 86' lang='lat' dir='ltr'>Utrum</span> <span class='ocrx_word' id='word_1_171' title='bbox 453 2642 631 2712; x_wconf 88' lang='lat' dir='ltr'>exercitus</span> <span class='ocrx_word' id='word_1_172' title='bbox 648 2642 840 2724; x_wconf 84' lang='lat' dir='ltr'>exercitui,</span> <span class='ocrx_word' id='word_1_173' title='bbox 860 2667 907 2710; x_wconf 89' lang='lat' dir='ltr'>an</span> <span class='ocrx_word' id='word_1_174' title='bbox 926 2639 1036 2710; x_wconf 88' lang='lat' dir='ltr'>duces</span> <span class='ocrx_word' id='word_1_175' title='bbox 1050 2640 1219 2725; x_wconf 88' lang='lat' dir='ltr'>ducibus,</span> 
     </span>
     <span class='ocr_line' id='line_1_23' title="bbox 160 2745 1220 2844; baseline 0.004 -30"><span class='ocrx_word' id='word_1_176' title='bbox 160 2770 239 2815; x_wconf 90' lang='lat' dir='ltr'>«an</span> <span class='ocrx_word' id='word_1_177' title='bbox 259 2745 428 2842; x_wconf 85' lang='lat' dir='ltr'>dignitas,</span> <span class='ocrx_word' id='word_1_178' title='bbox 448 2774 494 2818; x_wconf 89' lang='lat' dir='ltr'>an</span> <span class='ocrx_word' id='word_1_179' title='bbox 512 2772 617 2819; x_wconf 90' lang='lat' dir='ltr'>causa</span> <span class='ocrx_word' id='word_1_180' title='bbox 638 2750 840 2844; x_wconf 88' lang='lat' dir='ltr'>comparari</span> <span class='ocrx_word' id='word_1_181' title='bbox 859 2749 1022 2843; x_wconf 76' lang='lat' dir='ltr'>poterat?</span> <span class='ocrx_word' id='word_1_182' title='bbox 1040 2747 1173 2842; x_wconf 90' lang='lat' dir='ltr'>quibus</span> <span class='ocrx_word' id='word_1_183' title='bbox 1192 2752 1220 2818; x_wconf 92' lang='lat' dir='ltr'>si</span> 
     </span>
     <span class='ocr_line' id='line_1_24' title="bbox 161 2855 1221 2953; baseline 0.011 -36"><span class='ocrx_word' id='word_1_184' title='bbox 161 2884 177 2918; x_wconf 90' lang='lat'>«</span> <span class='ocrx_word' id='word_1_185' title='bbox 192 2855 361 2927; x_wconf 89' lang='lat' dir='ltr'>omnibus</span> <span class='ocrx_word' id='word_1_186' title='bbox 374 2860 575 2953; x_wconf 90' lang='lat' dir='ltr'>superiores</span> <span class='ocrx_word' id='word_1_187' title='bbox 594 2859 735 2945; x_wconf 91' lang='lat' dir='ltr'>essetis,</span> <span class='ocrx_word' id='word_1_188' title='bbox 753 2881 850 2926; x_wconf 88' lang='lat' dir='ltr'>arma</span> <span class='ocrx_word' id='word_1_189' title='bbox 866 2881 948 2925; x_wconf 91' lang='lat' dir='ltr'>cum</span> <span class='ocrx_word' id='word_1_190' title='bbox 963 2859 1081 2926; x_wconf 89' lang='lat' dir='ltr'>Poenis</span> <span class='ocrx_word' id='word_1_191' title='bbox 1097 2874 1221 2929; x_wconf 87' lang='lat' dir='ltr'>contra</span> 
     </span>
     <span class='ocr_line' id='line_1_25' title="bbox 160 2963 1221 3062; baseline 0.003 -28"><span class='ocrx_word' id='word_1_192' title='bbox 160 2966 362 3062; x_wconf 89' lang='lat' dir='ltr'>«patriam,</span> <span class='ocrx_word' id='word_1_193' title='bbox 383 2980 508 3036; x_wconf 89' lang='lat' dir='ltr'>contra</span> <span class='ocrx_word' id='word_1_194' title='bbox 533 2969 627 3037; x_wconf 88' lang='lat' dir='ltr'>cives</span> <span class='ocrx_word' id='word_1_195' title='bbox 643 2981 782 3038; x_wconf 87' lang='lat' dir='ltr'>vestros</span> <span class='ocrx_word' id='word_1_196' title='bbox 802 2963 962 3036; x_wconf 84' lang='lat' dir='ltr'>ferretis?</span> <span class='ocrx_word' id='word_1_197' title='bbox 979 2963 1132 3035; x_wconf 80' lang='lat' dir='ltr'>Africam</span> <span class='ocrx_word' id='word_1_198' title='bbox 1152 2972 1221 3037; x_wconf 90' lang='lat' dir='ltr'>Ita-</span> 
     </span>
    </p>
   </div>
   <div class='ocr_carea' id='block_1_3' title="bbox 159 3184 1222 4119">
    <p class='ocr_par' dir='ltr' id='par_1_3' title="bbox 159 3184 1222 4119">
     <span class='ocr_line' id='line_1_26' title="bbox 195 3184 1220 3253; baseline 0.004 -20"><span class='ocrx_word' id='word_1_199' title='bbox 195 3189 219 3233; x_wconf 84' lang='lat'>8.</span> <span class='ocrx_word' id='word_1_200' title='bbox 230 3186 300 3234; x_wconf 81' lang='lat' dir='ltr'>Nihil</span> <span class='ocrx_word' id='word_1_201' title='bbox 309 3184 460 3251; x_wconf 77' lang='lat' dir='ltr'>ultrafhcile</span> <span class='ocrx_word' id='word_1_202' title='bbox 473 3187 590 3235; x_wconf 82' lang='lat' dir='ltr'>creditam</span> <span class='ocrx_word' id='word_1_203' title='bbox 604 3204 667 3235; x_wconf 85' lang='lat' dir='ltr'>mor·</span> <span class='ocrx_word' id='word_1_204' title='bbox 747 3205 772 3251; x_wconf 84' lang='lat'>9.</span> <span class='ocrx_word' id='word_1_205' title='bbox 782 3190 839 3235; x_wconf 86' lang='lat' dir='ltr'>Meo</span> <span class='ocrx_word' id='word_1_206' title='bbox 842 3187 934 3253; x_wconf 82' lang='lat' dir='ltr'>fimere</span> <span class='ocrx_word' id='word_1_207' title='bbox 942 3189 1114 3251; x_wconf 83' lang='lat' dir='ltr'>elata...resp.</span> <span class='ocrx_word' id='word_1_208' title='bbox 1126 3190 1182 3238; x_wconf 88' lang='lat' dir='ltr'>vide</span> <span class='ocrx_word' id='word_1_209' title='bbox 1191 3190 1220 3237; x_wconf 88' lang='lat' dir='ltr'>ad</span> 
     </span>
     <span class='ocr_line' id='line_1_27' title="bbox 160 3265 957 3331; baseline -0.003 -17"><span class='ocrx_word' id='word_1_210' title='bbox 160 3281 206 3314; x_wconf 88' lang='lat' dir='ltr'>tem</span> <span class='ocrx_word' id='word_1_211' title='bbox 220 3282 299 3312; x_wconf 86' lang='lat' dir='ltr'>meam</span> <span class='ocrx_word' id='word_1_212' title='bbox 310 3283 326 3312; x_wconf 87' lang='lat' dir='ltr'>a</span> <span class='ocrx_word' id='word_1_213' title='bbox 341 3266 410 3313; x_wconf 77' lang='lat' dir='ltr'>uobis</span> <span class='ocrx_word' id='word_1_214' title='bbox 425 3265 533 3313; x_wconf 82' lang='lat' dir='ltr'>violatus</span> <span class='ocrx_word' id='word_1_215' title='bbox 546 3266 602 3326; x_wconf 85' lang='lat' dir='ltr'>sim,</span> <span class='ocrx_word' id='word_1_216' title='bbox 622 3283 668 3331; x_wconf 88' lang='lat' dir='ltr'>po·</span> <span class='ocrx_word' id='word_1_217' title='bbox 711 3269 808 3325; x_wconf 82' lang='lat' dir='ltr'>XXIV,</span> <span class='ocrx_word' id='word_1_218' title='bbox 820 3283 866 3326; x_wconf 77' lang='lat' dir='ltr'>aa,</span> <span class='ocrx_word' id='word_1_219' title='bbox 880 3283 904 3313; x_wconf 91' lang='lat' dir='ltr'>n.</span> <span class='ocrx_word' id='word_1_220' title='bbox 918 3282 957 3312; x_wconf 90' lang='lat'>11.</span> 
     </span>
     <span class='ocr_line' id='line_1_28' title="bbox 159 3345 1221 3408; baseline 0 -16"><span class='ocrx_word' id='word_1_221' title='bbox 159 3361 232 3403; x_wconf 89' lang='lat' dir='ltr'>nam,</span> <span class='ocrx_word' id='word_1_222' title='bbox 251 3346 360 3404; x_wconf 85' lang='lat' dir='ltr'>credam,</span> <span class='ocrx_word' id='word_1_223' title='bbox 376 3360 422 3392; x_wconf 83' lang='lat' dir='ltr'>vos</span> <span class='ocrx_word' id='word_1_224' title='bbox 439 3360 490 3391; x_wconf 90' lang='lat' dir='ltr'>non</span> <span class='ocrx_word' id='word_1_225' title='bbox 511 3347 606 3408; x_wconf 79' lang='lat' dir='ltr'>gravim</span> <span class='ocrx_word' id='word_1_226' title='bbox 629 3363 667 3394; x_wconf 87' lang='lat' dir='ltr'>me</span> <span class='ocrx_word' id='word_1_227' title='bbox 749 3361 788 3392; x_wconf 91' lang='lat'>10.</span> <span class='ocrx_word' id='word_1_228' title='bbox 798 3347 861 3408; x_wconf 83' lang='lat' dir='ltr'>Sept.</span> <span class='ocrx_word' id='word_1_229' title='bbox 871 3347 905 3392; x_wconf 84' lang='lat' dir='ltr'>M.</span> <span class='ocrx_word' id='word_1_230' title='bbox 915 3345 982 3402; x_wconf 70' lang='lat' dir='ltr'>duc,</span> <span class='ocrx_word' id='word_1_231' title='bbox 996 3356 1043 3393; x_wconf 85' lang='lat' dir='ltr'>etc.</span> <span class='ocrx_word' id='word_1_232' title='bbox 1053 3362 1077 3393; x_wconf 83' lang='lat' dir='ltr'>v.</span> <span class='ocrx_word' id='word_1_233' title='bbox 1086 3347 1170 3402; x_wconf 84' lang='lat' dir='ltr'>XXV,</span> <span class='ocrx_word' id='word_1_234' title='bbox 1181 3347 1221 3405; x_wconf 79' lang='lat'>37.</span> 
     </span>
     <span class='ocr_line' id='line_1_29' title="bbox 159 3423 1222 3488; baseline 0.004 -20"><span class='ocrx_word' id='word_1_235' title='bbox 159 3423 277 3484; x_wconf 83' lang='lat' dir='ltr'>violasse,</span> <span class='ocrx_word' id='word_1_236' title='bbox 294 3440 345 3471; x_wconf 90' lang='lat' dir='ltr'>non</span> <span class='ocrx_word' id='word_1_237' title='bbox 356 3423 422 3472; x_wconf 84' lang='lat' dir='ltr'>aliud</span> <span class='ocrx_word' id='word_1_238' title='bbox 433 3425 541 3484; x_wconf 81' lang='lat' dir='ltr'>majusve</span> <span class='ocrx_word' id='word_1_239' title='bbox 552 3425 630 3471; x_wconf 84' lang='lat' dir='ltr'>scelus</span> <span class='ocrx_word' id='word_1_240' title='bbox 640 3424 668 3470; x_wconf 91' lang='lat' dir='ltr'>in</span> <span class='ocrx_word' id='word_1_241' title='bbox 749 3441 790 3471; x_wconf 91' lang='lat'>11.</span> <span class='ocrx_word' id='word_1_242' title='bbox 810 3427 937 3488; x_wconf 84' lang='lat' dir='ltr'>Tanquam</span> <span class='ocrx_word' id='word_1_243' title='bbox 954 3423 1005 3470; x_wconf 84' lang='lat' dir='ltr'>sine</span> <span class='ocrx_word' id='word_1_244' title='bbox 1022 3424 1083 3470; x_wconf 85' lang='lat' dir='ltr'>duce</span> <span class='ocrx_word' id='word_1_245' title='bbox 1096 3424 1222 3486; x_wconf 81' lang='lat' dir='ltr'>Hispanioe</span> 
     </span>
     <span class='ocr_line' id='line_1_30' title="bbox 160 3502 1222 3570; baseline 0 -21"><span class='ocrx_word' id='word_1_246' title='bbox 160 3519 198 3550; x_wconf 79' lang='lat' dir='ltr'>ine</span> <span class='ocrx_word' id='word_1_247' title='bbox 217 3504 379 3563; x_wconf 80' lang='lat' dir='ltr'>commisisse,</span> <span class='ocrx_word' id='word_1_248' title='bbox 396 3520 469 3567; x_wconf 80' lang='lat' dir='ltr'>quom</span> <span class='ocrx_word' id='word_1_249' title='bbox 491 3503 558 3566; x_wconf 90' lang='lat' dir='ltr'>quod</span> <span class='ocrx_word' id='word_1_250' title='bbox 579 3515 668 3551; x_wconf 84' lang='lat' dir='ltr'>temere</span> <span class='ocrx_word' id='word_1_251' title='bbox 705 3502 916 3570; x_wconf 73' lang='lat' dir='ltr'>fitturcefuerint‚</span> <span class='ocrx_word' id='word_1_252' title='bbox 931 3503 1007 3550; x_wconf 82' lang='lat' dir='ltr'>scilic.</span> <span class='ocrx_word' id='word_1_253' title='bbox 1019 3519 1056 3550; x_wconf 86' lang='lat' dir='ltr'>me</span> <span class='ocrx_word' id='word_1_254' title='bbox 1070 3514 1222 3552; x_wconf 83' lang='lat' dir='ltr'>mortuo.—</span> 
     </span>
     <span class='ocr_line' id='line_1_31' title="bbox 161 3578 1221 3645; baseline 0.002 -18"><span class='ocrx_word' id='word_1_255' title='bbox 161 3578 203 3644; x_wconf 87' lang='lat' dir='ltr'>(et</span> <span class='ocrx_word' id='word_1_256' title='bbox 227 3592 313 3628; x_wconf 85' lang='lat' dir='ltr'>temere</span> <span class='ocrx_word' id='word_1_257' title='bbox 328 3583 424 3644; x_wconf 78' lang='lat' dir='ltr'>potius,</span> <span class='ocrx_word' id='word_1_258' title='bbox 444 3599 519 3645; x_wconf 88' lang='lat' dir='ltr'>quam</span> <span class='ocrx_word' id='word_1_259' title='bbox 539 3581 621 3639; x_wconf 77' lang='lat' dir='ltr'>avide,</span> <span class='ocrx_word' id='word_1_260' title='bbox 641 3593 668 3629; x_wconf 89' lang='lat' dir='ltr'>ut</span> <span class='ocrx_word' id='word_1_261' title='bbox 716 3586 799 3630; x_wconf 84' lang='lat' dir='ltr'>Utrum</span> <span class='ocrx_word' id='word_1_262' title='bbox 822 3580 956 3637; x_wconf 74' lang='lat' dir='ltr'>exereitus,</span> <span class='ocrx_word' id='word_1_263' title='bbox 979 3583 1020 3628; x_wconf 89' lang='lat' dir='ltr'>oui</span> <span class='ocrx_word' id='word_1_264' title='bbox 1038 3582 1074 3628; x_wconf 90' lang='lat' dir='ltr'>illi</span> <span class='ocrx_word' id='word_1_265' title='bbox 1096 3594 1221 3645; x_wconf 80' lang='lat' dir='ltr'>praesunt,</span> 
     </span>
     <span class='ocr_line' id='line_1_32' title="bbox 160 3660 1222 3726; baseline 0.003 -21"><span class='ocrx_word' id='word_1_266' title='bbox 160 3675 233 3723; x_wconf 76' lang='lat' dir='ltr'>supra</span> <span class='ocrx_word' id='word_1_267' title='bbox 247 3660 311 3707; x_wconf 79' lang='lat' dir='ltr'>dixit</span> <span class='ocrx_word' id='word_1_268' title='bbox 324 3677 377 3725; x_wconf 87' lang='lat' dir='ltr'>cap.</span> <span class='ocrx_word' id='word_1_269' title='bbox 388 3661 437 3726; x_wconf 81' lang='lat'>²7)</span> <span class='ocrx_word' id='word_1_270' title='bbox 453 3661 618 3719; x_wconf 83' lang='lat' dir='ltr'>credideritis,</span> <span class='ocrx_word' id='word_1_271' title='bbox 631 3678 669 3708; x_wconf 87' lang='lat' dir='ltr'>me</span> <span class='ocrx_word' id='word_1_272' title='bbox 714 3660 831 3709; x_wconf 80' lang='lat' dir='ltr'>exercitui</span> <span class='ocrx_word' id='word_1_273' title='bbox 843 3671 936 3718; x_wconf 83' lang='lat' dir='ltr'>vestro,</span> <span class='ocrx_word' id='word_1_274' title='bbox 951 3661 993 3721; x_wconf 90' lang='lat' dir='ltr'>qui</span> <span class='ocrx_word' id='word_1_275' title='bbox 1008 3661 1038 3707; x_wconf 88' lang='lat' dir='ltr'>ab</span> <span class='ocrx_word' id='word_1_276' title='bbox 1055 3660 1097 3706; x_wconf 91' lang='lat' dir='ltr'>illo</span> <span class='ocrx_word' id='word_1_277' title='bbox 1115 3662 1222 3720; x_wconf 83' lang='lat' dir='ltr'>sejunxit</span> 
     </span>
     <span class='ocr_line' id='line_1_33' title="bbox 160 3738 1222 3805; baseline 0.004 -21"><span class='ocrx_word' id='word_1_278' title='bbox 160 3749 283 3785; x_wconf 86' lang='lat' dir='ltr'>mortuum</span> <span class='ocrx_word' id='word_1_279' title='bbox 292 3755 398 3787; x_wconf 80' lang='lat' dir='ltr'>esse.—</span> <span class='ocrx_word' id='word_1_280' title='bbox 409 3743 504 3788; x_wconf 86' lang='lat' dir='ltr'>Mecum</span> <span class='ocrx_word' id='word_1_281' title='bbox 515 3741 669 3805; x_wconf 83' lang='lat' dir='ltr'>exspiratura</span> <span class='ocrx_word' id='word_1_282' title='bbox 713 3758 750 3799; x_wconf 79' lang='lat' dir='ltr'>se,</span> <span class='ocrx_word' id='word_1_283' title='bbox 769 3757 802 3787; x_wconf 84' lang='lat' dir='ltr'>an</span> <span class='ocrx_word' id='word_1_284' title='bbox 821 3740 907 3794; x_wconf 86' lang='lat' dir='ltr'>duces,</span> <span class='ocrx_word' id='word_1_285' title='bbox 927 3738 1036 3796; x_wconf 88' lang='lat' dir='ltr'>Silanus,</span> <span class='ocrx_word' id='word_1_286' title='bbox 1055 3739 1151 3802; x_wconf 88' lang='lat' dir='ltr'>Scipio,</span> <span class='ocrx_word' id='word_1_287' title='bbox 1170 3744 1222 3788; x_wconf 88' lang='lat' dir='ltr'>Lae-</span> 
     </span>
     <span class='ocr_line' id='line_1_34' title="bbox 160 3817 1222 3879; baseline 0.005 -18"><span class='ocrx_word' id='word_1_288' title='bbox 160 3831 238 3879; x_wconf 81' lang='lat' dir='ltr'>resp„</span> <span class='ocrx_word' id='word_1_289' title='bbox 254 3832 345 3864; x_wconf 83' lang='lat' dir='ltr'>mecum</span> <span class='ocrx_word' id='word_1_290' title='bbox 359 3835 485 3875; x_wconf 85' lang='lat' dir='ltr'>casurum,</span> <span class='ocrx_word' id='word_1_291' title='bbox 500 3830 546 3867; x_wconf 88' lang='lat' dir='ltr'>etc.</span> <span class='ocrx_word' id='word_1_292' title='bbox 561 3823 626 3868; x_wconf 87' lang='lat' dir='ltr'>conf.</span> <span class='ocrx_word' id='word_1_293' title='bbox 637 3820 669 3868; x_wconf 81' lang='lat' dir='ltr'>ad</span> <span class='ocrx_word' id='word_1_294' title='bbox 712 3819 775 3878; x_wconf 82' lang='lat' dir='ltr'>lius,</span> <span class='ocrx_word' id='word_1_295' title='bbox 787 3818 888 3865; x_wconf 85' lang='lat' dir='ltr'>ducibus</span> <span class='ocrx_word' id='word_1_296' title='bbox 900 3817 1001 3874; x_wconf 82' lang='lat' dir='ltr'>vestris,</span> <span class='ocrx_word' id='word_1_297' title='bbox 1019 3817 1093 3864; x_wconf 82' lang='lat' dir='ltr'>Albio</span> <span class='ocrx_word' id='word_1_298' title='bbox 1102 3830 1127 3865; x_wconf 88' lang='lat' dir='ltr'>et</span> <span class='ocrx_word' id='word_1_299' title='bbox 1137 3821 1222 3877; x_wconf 83' lang='lat' dir='ltr'>Atrio,</span> 
     </span>
     <span class='ocr_line' id='line_1_35' title="bbox 161 3896 1221 3963; baseline 0.002 -21"><span class='ocrx_word' id='word_1_300' title='bbox 161 3898 256 3955; x_wconf 88' lang='lat' dir='ltr'>XXIV,</span> <span class='ocrx_word' id='word_1_301' title='bbox 269 3911 300 3942; x_wconf 79' lang='lat'>22</span> <span class='ocrx_word' id='word_1_302' title='bbox 311 3931 318 3957; x_wconf 87' lang='lat'>,</span> <span class='ocrx_word' id='word_1_303' title='bbox 329 3913 354 3944; x_wconf 88' lang='lat' dir='ltr'>n.</span> <span class='ocrx_word' id='word_1_304' title='bbox 365 3913 409 3956; x_wconf 87' lang='lat'>11,</span> <span class='ocrx_word' id='word_1_305' title='bbox 424 3908 447 3945; x_wconf 87' lang='lat' dir='ltr'>et</span> <span class='ocrx_word' id='word_1_306' title='bbox 461 3898 493 3946; x_wconf 86' lang='lat' dir='ltr'>ad</span> <span class='ocrx_word' id='word_1_307' title='bbox 505 3901 564 3946; x_wconf 85' lang='lat' dir='ltr'>Tac.</span> <span class='ocrx_word' id='word_1_308' title='bbox 576 3899 666 3947; x_wconf 82' lang='lat' dir='ltr'>Annal.</span> <span class='ocrx_word' id='word_1_309' title='bbox 711 3916 745 3946; x_wconf 85' lang='lat' dir='ltr'>an</span> <span class='ocrx_word' id='word_1_310' title='bbox 760 3914 836 3944; x_wconf 70' lang='lat' dir='ltr'>carisa</span> <span class='ocrx_word' id='word_1_311' title='bbox 852 3898 893 3961; x_wconf 81' lang='lat' dir='ltr'>pia</span> <span class='ocrx_word' id='word_1_312' title='bbox 908 3896 1020 3954; x_wconf 81' lang='lat' dir='ltr'>illorum,</span> <span class='ocrx_word' id='word_1_313' title='bbox 1032 3898 1074 3959; x_wconf 89' lang='lat' dir='ltr'>qui</span> <span class='ocrx_word' id='word_1_314' title='bbox 1084 3915 1130 3962; x_wconf 86' lang='lat' dir='ltr'>pro</span> <span class='ocrx_word' id='word_1_315' title='bbox 1144 3900 1221 3963; x_wconf 83' lang='lat' dir='ltr'>patria</span> 
     </span>
     <span class='ocr_line' id='line_1_36' title="bbox 160 3975 1221 4043; baseline -0.001 -19"><span class='ocrx_word' id='word_1_316' title='bbox 160 3978 211 4033; x_wconf 86' lang='lat'>111,</span> <span class='ocrx_word' id='word_1_317' title='bbox 225 3975 256 4034; x_wconf 88' lang='grc'>6,</span> <span class='ocrx_word' id='word_1_318' title='bbox 267 3991 292 4021; x_wconf 84' lang='grc' dir='ltr'>ιι.</span> <span class='ocrx_word' id='word_1_319' title='bbox 302 3977 326 4024; x_wconf 87' lang='lat'>8.</span> <span class='ocrx_word' id='word_1_320' title='bbox 340 4003 374 4013; x_wconf 90' lang='lat'>-</span> <span class='ocrx_word' id='word_1_321' title='bbox 385 3977 454 4033; x_wconf 84' lang='lat' dir='ltr'>Sirit,</span> <span class='ocrx_word' id='word_1_322' title='bbox 467 3979 562 4037; x_wconf 83' lang='lat' dir='ltr'>siverit,</span> <span class='ocrx_word' id='word_1_323' title='bbox 575 3978 670 4026; x_wconf 82' lang='lat' dir='ltr'>scilicet</span> <span class='ocrx_word' id='word_1_324' title='bbox 711 3978 844 4043; x_wconf 85' lang='lat' dir='ltr'>pugnaturi</span> <span class='ocrx_word' id='word_1_325' title='bbox 856 3976 974 4037; x_wconf 81' lang='lat' dir='ltr'>fuissent,</span> <span class='ocrx_word' id='word_1_326' title='bbox 991 3994 1070 4026; x_wconf 82' lang='lat' dir='ltr'>causae</span> <span class='ocrx_word' id='word_1_327' title='bbox 1083 3979 1164 4043; x_wconf 82' lang='lat' dir='ltr'>impiae</span> <span class='ocrx_word' id='word_1_328' title='bbox 1180 3994 1221 4023; x_wconf 83' lang='lat' dir='ltr'>ve-</span> 
     </span>
     <span class='ocr_line' id='line_1_37' title="bbox 160 4054 871 4119; baseline 0 -16"><span class='ocrx_word' id='word_1_329' title='bbox 160 4054 220 4105; x_wconf 87' lang='lat' dir='ltr'>lieri.</span> <span class='ocrx_word' id='word_1_330' title='bbox 230 4083 262 4091; x_wconf 93' lang='lat'>-</span> <span class='ocrx_word' id='word_1_331' title='bbox 272 4055 406 4119; x_wconf 81' lang='lat' dir='ltr'>Auspicato</span> <span class='ocrx_word' id='word_1_332' title='bbox 412 4073 422 4112; x_wconf 89' lang='lat'>,·</span> <span class='ocrx_word' id='word_1_333' title='bbox 430 4056 514 4115; x_wconf 60' lang='lat' dir='ltr'>vitre,</span> <span class='ocrx_word' id='word_1_334' title='bbox 524 4072 567 4115; x_wconf 74' lang='lat' dir='ltr'>ai,</span> <span class='ocrx_word' id='word_1_335' title='bbox 575 4074 601 4105; x_wconf 89' lang='lat' dir='ltr'>n.</span> <span class='ocrx_word' id='word_1_336' title='bbox 611 4073 633 4105; x_wconf 89' lang='lat'>1.</span> <span class='ocrx_word' id='word_1_337' title='bbox 714 4069 790 4106; x_wconf 86' lang='lat' dir='ltr'>strum</span> <span class='ocrx_word' id='word_1_338' title='bbox 801 4090 807 4113; x_wconf 88' lang='lat'>,</span> <span class='ocrx_word' id='word_1_339' title='bbox 824 4067 871 4104; x_wconf 86' lang='lat' dir='ltr'>etc.</span> 
     </span>
    </p>
   </div>
   <div class='ocr_carea' id='block_1_4' title="bbox 0 0 1393 4574">
    <p class='ocr_par' dir='ltr' id='par_1_4' title="bbox 0 0 1393 4574">
     <span class='ocr_line' id='line_1_38' title="bbox 0 0 1393 4574; baseline 0 0"><span class='ocrx_word' id='word_1_340' title='bbox 0 0 1393 4574; x_wconf 95' lang='lat' dir='ltr'> </span> 
     </span>
    </p>
   </div>
  </div>
 </body>
</html>
