2768 4574
159 340 228 413 506
579 343 618 408 T.
651 344 791 410 LIVlI

157 466 280 547 datur,
304 469 341 531 in
362 461 519 531 medinm
541 485 689 556 regnum
715 461 898 530 eundum:
919 478 986 531 unt
1002 468 1081 533 sine
1104 481 1215 534 certa-

158 579 254 642 mine
273 597 497 642 concessuros
516 577 554 640 in
571 572 743 642 ditionem
759 573 835 666 ejus
857 571 1053 665 Mussylos,
1073 590 1142 643 out
1156 601 1215 644 ne-

156 707 465 780 quaquumpures
475 684 624 773 futuros
646 687 767 751 armis.
794 681 856 751 His
873 681 1022 752 vocibus
1046 684 1215 753 incitatus

156 792 299 889 Syphax
311 793 503 862 Masinissae
524 790 661 861 bellum
679 788 804 878 insert,
822 806 858 861 et
879 793 997 889 primo
1018 794 1215 865 certamine

155 899 328 995 Massylos
344 897 463 970 fundit
477 898 659 996 fugatque.
679 901 865 971 Masinissa
880 926 961 971 cum
978 903 1100 999 paucis
1116 905 1215 1001 equi-

156 1008 253 1080 tibus
271 1036 315 1081 ex
331 1012 405 1082 acie
423 1012 460 1079 in
475 1025 636 1080 montem
649 1008 821 1106 (Balbum
836 1011 960 1081 incolae
975 1002 1127 1108 vocant)
1138 1038 1216 1111 per·

156 1119 272 1215 fugit:
294 1118 432 1190 familiae
452 1119 590 1215 aliquot
611 1144 692 1189 cum
713 1117 935 1218 mapalibus³
950 1121 1215 1220 pecoribusque

154 1234 231 1302 suis
260 1230 322 1326 (ea
348 1231 502 1327 pecunia
529 1229 598 1300 illis
623 1230 699 1327 est)
719 1233 931 1328 persequuti
953 1248 1039 1304 sunt
1063 1258 1215 1330 regem3

157 1352 283 1408 caetera
300 1337 538 1434 Massylorum
560 1339 756 1410 multitudo
780 1342 819 1411 in
843 1341 1016 1414 ditionem
1044 1343 1217 1441 Syphacis
1250 1374 1256 1382 ·

158 1449 344 1518 concessit.
362 1450 480 1537 Quem
500 1465 669 1545 ceperant
687 1450 828 1522 exsules
845 1466 1027 1539 montem,
1041 1451 1217 1525 herbidus

157 1582 386 1654 aquosusque
408 1573 479 1645 est3
498 1574 551 1646 et,
571 1561 655 1654 quia
680 1562 803 1655 pecori
824 1559 945 1631 bonus
965 1561 1095 1632 alendo
1118 1578 1215 1651 erat,

157 1668 345 1738 hominum
361 1693 525 1765 quoque,
542 1694 648 1739 carne
664 1693 703 1738 ac
720 1670 810 1740 lacte
820 1671 1058 1759 vescentium,
1071 1669 1216 1741 abunde

157 1778 356 1851 sufficiebat
372 1780 559 1850 alimentis.
581 1779 670 1850 Inde
684 1781 871 1853 nocturnis
891 1782 1008 1877 primo
1022 1805 1063 1852 ac
1076 1778 1218 1853 furtivis

156 1888 439 1977 incursionibus,
452 1889 582 1960 deinde
597 1905 721 1987 aperto
736 1891 944 1977 latrocini0,
957 1889 1085 1962 infesta
1093 1894 1218 1963 omnia

158 2003 251 2072 circa
265 2005 364 2072 esse‘*
379 2029 386 2070 :
404 2004 557 2073 maxime
576 2004 632 2072 uri
650 2001 945 2099 carthaginiensis
961 2027 1062 2099 ager,
1078 2005 1164 2100 quia
1181 2016 1217 2074 et

157 2113 239 2209 plus
254 2112 397 2209 praedae,
413 2139 523 2209 quam
541 2115 635 2183 inter
650 2112 844 2198 Numidas,
863 2127 898 2183 et
915 2112 1144 2183 latrocinium
1157 2127 1217 2183 tu-

160 2223 231 2291 tius
247 2237 332 2292 erat.
344 2228 362 2292 J
365 2247 495 2318 amque
505 2223 594 2293 adeo
608 2222 756 2292 licenter
770 2218 964 2291 eludebant
975 2216 1001 2307 ⁵,
1010 2233 1051 2289 ut
1061 2218 1217 2290 admare

159 2330 343 2400 devectam
358 2330 515 2426 praedam
532 2329 731 2400 venderent
742 2329 1020 2416 mercatoribus,
1031 2328 1216 2425 appellen·

159 2437 256 2509 tibus
270 2463 379 2508 naves
395 2438 439 2508 ad
451 2438 487 2508 id
503 2441 642 2534 ipsum,
656 2439 867 2536 pluresque,
884 2463 993 2536 quam
1008 2440 1107 2534 justo
1124 2462 1216 2535 saepe

158 2547 330 2635 inbelle,
349 2547 697 2646 Carthaginiensium
722 2548 894 2620 caderent
917 2563 1214 2646 caperenturque.

157 2657 402 2755 Deplorabant
423 2658 464 2730 ea
483 2659 579 2755 apud
600 2659 799 2756 Syphacem
819 2658 1145 2756 Carthaginienses,
1163 2659 1216 2727 in·

157 2768 373 2866 sensumque
394 2785 429 2840 et
446 2771 566 2867 ipsum
584 2771 630 2841 ad
650 2771 818 2868 reliquias
840 2769 927 2841 belli
949 2766 1217 2868 persequendas

193 2970 217 3016 3.
233 2969 291 3015 Cum
300 2969 436 3033 mapalibus
441 2987 452 3026 ,·
468 2970 526 3017 vide
535 2969 567 3017 ad
576 2969 666 3029 stin,
707 2983 732 3013 n.
743 2966 766 3013 3.
781 2961 928 3026 Prosequuti
939 2961 1037 3025 quidam
1052 2960 1129 3017 MSS,
1149 2968 1215 3005 etex

158 3047 205 3107 853
222 3049 292 3106 XIV,
308 3064 337 3107 73
356 3050 485 3108 xv11,88
500 3066 537 3111 sq.
556 3046 664 3095 -Inde
706 3045 746 3092 his
760 3045 835 3091 Doer.
849 3040 920 3089 Conf.
930 3040 962 3087 ad
972 3038 1087 3096 xmo,
1100 3054 1126 3084 n.
1138 3043 1163 3092 4.

157 3138 224 3192 patet
237 3127 355 3177 Numidas
368 3129 393 3174 in
405 3129 503 3175 illorum
514 3128 664 3192 populorum
744 3130 768 3178 t.
785 3120 879 3186 Infesta
893 3117 978 3166 omnia
993 3117 1061 3164 einen
1076 3131 1126 3162 esse
1146 3113 1216 3180 (vide

156 3223 257 3254 numero
276 3206 349 3254 fuisse
369 3207 411 3269 qui
429 3223 501 3269 vagas
518 3222 599 3254 secum
618 3207 664 3253 cir·
708 3202 740 3250 ad
750 3204 775 3261 1,
789 3218 812 3261 7,
825 3217 852 3247 n.
868 3197 908 3262 7):
921 3197 1030 3244 inanime
1037 3195 1102 3260 juris
1113 3192 1217 3241 Cartha-

157 3286 322 3334 cumferebant
335 3285 665 3348 domos3vid.Virg.Ge0rg.
706 3278 852 3346 giniensium
874 3293 959 3342 ager:
979 3275 1012 3322 ita
1036 3273 1136 3336 qnidam
1160 3271 1217 3318 libri

158 3368 207 3422 111,
225 3364 290 3425 339,
308 3374 332 3411 et
347 3364 410 3411 Plin·
421 3366 455 3424 V,
477 3365 500 3411 3.
521 3364 555 3412 Iis
568 3364 665 3427 quidem
709 3361 780 3424 prob.
798 3360 877 3407 Gron.
895 3383 930 3392 -
949 3354 1036 3403 Nostri
1053 3368 1139 3399 omnes
1155 3366 1217 3415 quos

157 3441 260 3490 aedificia
273 3443 348 3489 fuisse
359 3443 489 3490 arbitratur
502 3443 573 3490 Crev.
583 3442 627 3489 sed
637 3458 665 3490 ea
708 3439 805 3502 inspexi
819 3437 942 3499 vulgatam
958 3442 1068 3490 servant;
1088 3432 1161 3479 Cres.
1178 3430 1218 3476 ni·

157 3523 270 3568 nimirum
283 3537 314 3568 cx
323 3522 416 3581 junctis
431 3521 495 3568 inter
508 3538 533 3568 se
544 3520 617 3584 lignis
625 3537 665 3568 eo·
708 3518 840 3564 hilominus
846 3517 955 3563 Gronov.
960 3509 1154 3559 emendationem
1160 3523 1218 3572 pro-

157 3610 291 3662 agmentata
312 3600 382 3646 facile
401 3600 578 3658 dissolvebant,
595 3600 664 3663 plau·
708 3597 763 3656 hat,
777 3607 801 3643 et
813 3595 848 3643 sic
859 3594 952 3657 optime
960 3592 1088 3638 formatam
1099 3604 1150 3636 esse
1163 3603 1218 3635 ora-

156 3679 259 3741 strisque
272 3678 388 3741 imposita
404 3679 432 3725 in
446 3695 476 3726 eo
492 3678 581 3726 deinde
596 3679 665 3738 loco,
709 3676 803 3723 tionem
816 3684 907 3722 censet.
916 3673 961 3718 En.

156 3756 198 3801 ubi
216 3757 361 3803 commorari
373 3757 480 3814 vellent,
496 3773 591 3804 rursum
601 3768 666 3820 apta·
746 3754 770 3801 5.
787 3752 857 3800 Adeo
876 3753 976 3799 licenter
996 3745 1136 3803 eludebant,
1150 3743 1218 3791 ludi·

154 3832 222 3880 bant.
234 3835 535 3899 En.-Eapecuniar'llis
545 3846 590 3892 est,
603 3852 662 3898 opes
709 3831 763 3880 brio
778 3832 847 3894 quasi
859 3828 982 3878 habebant
997 3826 1119 3875 homines.
1134 3851 1171 3859 -
1187 3826 1220 3871 tn

156 3922 180 3957 ct
192 3910 248 3956 loeo
259 3914 377 3975 pecuniae.
392 3915 462 3962 Conf.
476 3914 549 3961 ovid.
560 3918 623 3962 Fast.
630 3917 662 3970 V,
706 3911 744 3958 ad
754 3927 822 3957 mare
834 3910 963 3956 devectam.
975 3906 1023 3953 Hic
1035 3906 1105 3954 locus
1114 3904 1141 3950 in
1153 3905 1219 3951 Mss

157 4005 208 4050 279
217 4005 253 4051 sq.
270 4017 305 4026 -
325 3993 477 4055 Perseqnuti,
494 4009 577 4057 propr.
583 4009 662 4055 perse·
706 4007 757 4038 non
772 4000 893 4046 constat;·
904 4002 967 4035 unsis
982 4002 995 4032 ο
1008 3983 1100 4032 nostris
1118 3982 1162 4029 dat
1175 3981 1218 4027 de-

157 4078 252 4132 mentes,
265 4084 298 4114 sc.
309 4069 412 4119 familiae.
423 4072 494 4120 eous.
507 4072 538 4118 ad
552 4089 605 4136 cap.
618 4088 661 4131 ια,
707 4073 793 4119 lectum
800 4085 810 4125 ‚·
826 4067 885 4127 alter
900 4076 961 4112 utet
978 4065 1002 4129 (a
1014 4079 1064 4111 sec.
1073 4059 1160 4126 nanu)
1174 4059 1218 4107 de·
