2768 4574
195 331 345 433 atta
417 346 571 414 tiana
602 347 764 415 xxvu.
793 347 900 415 cir.
925 347 986 415 nr.
1163 345 1234 441 329

168 506 171 513 ·
216 472 273 536 LI.
289 472 392 562 Ipsos
403 464 535 538 deinde
547 465 992 564 appropinquarelegatos
1005 466 1152 537 allatum
1162 481 1231 537 est:
1289 563 1294 569 ί

167 590 246 647 tum
260 576 445 648 enimvero
455 578 574 647 omnis
588 590 671 646 atas
681 600 826 647 currere
840 574 970 663 obvii¹,
984 576 1123 672 primus
1137 575 1234 671 quis·

168 711 239 783 que
258 685 372 758 oculis
390 687 612 784 auribusque
628 685 773 772 haurire
792 700 935 757 tantum
957 685 1149 782 gaudium²
1167 709 1234 756 cu·

166 798 318 894 pientes.
334 798 389 869 Ad
402 798 581 872 'Mulvium
596 822 714 894 usque
729 813 880 897 pontem
894 798 1085 868 continens
1103 820 1232 892 agmen

167 911 357 1004 pervenit:
375 908 482 1005 legati
502 909 624 1004 (erant
642 913 681 979 L.
698 908 867 980 Veturius
885 907 1004 995 Philo,
1023 912 1059 978 P.
1075 907 1233 978 Licinius

168 1024 305 1108 Varus,
322 1023 365 1111 Q.
380 1020 541 1092 Caecilius
555 1019 743 1115 Metellus)
764 1018 1110 1101 circumfusiomnis
1124 1042 1233 1117 gene·

164 1131 215 1201 ris
230 1131 419 1201 hominum
434 1129 639 1228 frequentia
652 1131 691 1202 in
705 1129 824 1202 iorum
840 1141 1104 1228 pervenerunt,
1119 1150 1234 1223 quum
1319 1133 1321 1136 ’

165 1241 226 1310 alii
244 1242 360 1338 ipsos,
379 1240 437 1312 alii
459 1243 610 1314 comites
627 1229 773 1331 eorum,
794 1267 875 1338 quae
892 1255 971 1312 acta
989 1253 1129 1327 essent,
1151 1263 1235 1336 per-

167 1365 443 1441 cunctarentur,
459 1368 495 1424 et
513 1368 555 1424 ut
576 1355 732 1450 quisque
754 1351 936 1440 audierat,
956 1349 1153 1423 exercitum
1167 1347 1248 1418 hoa

169 1460 279 1530 stium
295 1462 627 1561 imperatoremque
640 1465 817 1553 occisum,
832 1464 992 1559 legiones
1006 1483 1174 1532 romanas
1184 1460 1236 1531 in-

166 1569 345 1660 columes,
364 1572 480 1643 salvos
502 1574 671 1645 consules
692 1599 786 1663 esse,
811 1573 995 1670 extemplo
1018 1572 1095 1643 aliis
1121 1594 1233 1668 porro

164 1680 422 1777 impertiebant
440 1684 613 1780 gaudium
633 1709 750 1756 suum.
778 1689 903 1776 Quum
925 1709 1018 1780 aegre
1036 1684 1075 1752 in
1098 1681 1233 1752 curiam

164 1807 381 1887 perventum
407 1811 519 1883 esset,
538 1794 655 1867 multo
677 1797 805 1894 aegrius
830 1795 1001 1866 submota
1021 1787 1165 1879 turba³,
1186 1787 1234 1860 ne

164 1901 330 1973 Patribus
348 1905 576 1996 misceretur,
597 1905 710 1977 literae
732 1908 771 1977 in
793 1920 922 1978 senatu
945 1905 1102 1976 recitatae
1124 1916 1231 1972 sunt:

164 2010 250 2082 inde
267 2012 440 2109 producti
455 2018 493 2085 in
508 2017 722 2088 concionem
736 2017 853 2115 legati.
869 2016 1105 2102 L.Veturius,
1121 2012 1233 2084 literis

163 2121 337 2208 recitatis,
354 2123 432 2220 ipse
453 2124 595 2220 planius
612 2129 752 2215 omnia,
776 2152 856 2224 quae
880 2142 957 2198 acta
977 2139 1097 2210 crant,
1120 2146 1234 2219 expo-

163 2231 235 2300 suit
261 2256 342 2301 cum
370 2234 510 2331 ingenti
539 2260 706 2325 assensu,
730 2253 917 2334 postremo
943 2237 1051 2308 etiam
1075 2235 1233 2305 clamore

162 2341 337 2413 universae
354 2346 559 2434 concionis,
575 2372 690 2444 quum
708 2349 767 2418 vix
787 2348 959 2445 gaudium
979 2346 1109 2418 animis
1127 2367 1233 2441 cape-

161 2464 253 2519 rent.
272 2453 484 2547 Discursum
500 2455 586 2529 inde
605 2456 651 2529 ab
672 2457 749 2530 aliis
768 2458 862 2529 circa
885 2457 1021 2555 templa
1039 2456 1170 2541 deum,
1191 2468 1233 2525 ut

161 2573 279 2653 grates
300 2580 469 2658 agerent;
488 2564 533 2637 ab
548 2567 625 2637 aliis
639 2566 785 2656 domos,
804 2582 846 2639 ut
861 2566 1077 2664 conjugibus
1091 2565 1232 2636 liberis-

163 2689 236 2760 que
258 2681 332 2737 tam
351 2670 472 2742 laetum
495 2679 668 2747 nuntium
685 2679 925 2774 impertirent.
942 2682 1112 2765 Senatus,
1131 2675 1233 2772 quod

161 2778 211 2843 Μ.
224 2776 346 2848 Livius
365 2794 401 2848 et
417 2786 456 2852 C.
469 2783 640 2856 Claudius
656 2785 846 2875 consules,
861 2783 1037 2854 incolumi
1052 2786 1234 2871 exercitu,

161 2986 283 3036 discerent
292 3001 317 3038 et
326 3004 417 3040 certam
428 3007 594 3056 agnoscerent,
604 3012 673 3043 secu·
718 3012 811 3043 merum
821 2996 926 3054 bibunt,
939 3011 989 3042 non
1002 2995 1106 3042 mixtum
1123 3009 1184 3056 aqua
1196 2993 1234 3039 vi·

160 3066 232 3130 rique
241 3069 387 3118 fruerentur.
396 3093 412 3116 n.
422 3073 507 3120 Bauer.
717 3091 792 3134 num,
803 3086 831 3123 ut
843 3074 954 3138 frugales.
970 3075 1042 3124 Cous.
1053 3073 1085 3120 ad
1099 3073 1233 3132 XXXIX,

195 3147 256 3196 Car.
271 3151 310 3198 LI.
324 3165 346 3198 1.
363 3150 446 3198 Omnis
454 3162 517 3199 retas
528 3151 593 3200 obvii
596 3170 607 3209 ,·
617 3152 673 3200 vide
718 3153 766 3212 26,
777 3171 802 3201 n.
814 3155 838 3201 3.
848 3181 883 3191 -
891 3153 1010 3202 Mulvium
1014 3164 1116 3216 pontem
1121 3169 1132 3208 ;
1141 3150 1192 3198 vid.
1201 3150 1233 3198 ad

159 3225 192 3272 ad
203 3229 231 3285 I,
245 3235 292 3287 tx,
303 3245 328 3278 ¹¹·
339 3244 362 3298 1‚·
716 3234 774 3280 Tac.
791 3233 858 3280 Anu.
874 3234 950 3290 XIII,
965 3240 1008 3291 47,
1019 3249 1046 3281 n.
1063 3232 1087 3278 5.
1105 3230 1130 3277 Si
1145 3245 1230 3277 verum

195 3322 219 3353 a.
239 3307 320 3356 Oculi}
336 3309 484 3373 auribusque
499 3310 599 3358 haurire
611 3327 673 3375 gau·
717 3310 1100 3375 est‚quodAurel.Vict.deVir.
1110 3310 1176 3356 illc.
1186 3324 1232 3368 72,

159 3383 239 3443 dirim,
251 3397 279 3434 ut
292 3387 372 3436 bibere
382 3399 406 3437 et
416 3388 526 3447 trahere
540 3390 571 3438 de
580 3406 673 3437 summa
717 3402 742 3438 et
758 3391 881 3438 Ammian.
900 3392 978 3437 Marc.
995 3391 1111 3446 XXVII,
1129 3391 1157 3448 3,
1177 3387 1235 3435 scri·

159 3462 405 3527 avidintehihendi,
414 3467 527 3541 videndI,
543 3468 674 3528 audiendi3
716 3469 794 3526 hunt,
810 3481 912 3534 pontem
933 3470 1057 3517 Mulvium
1079 3468 1110 3514 ab
1134 3467 1233 3514 AEmilio

159 3540 317 3592 videadSil.
326 3547 406 3605 VIII,
423 3548 485 3605 135,
498 3559 523 3596 et
536 3548 673 3596 Mitscherl.
717 3538 809 3596 Scauro
827 3560 946 3596 structum
959 3565 1023 3608 esse,
1034 3548 1139 3595 hicnon
1151 3547 1232 3594 minus

158 3618 191 3665 ad
201 3622 264 3670 Hor.
279 3623 328 3671 Od.
340 3627 378 3685 II,
390 3627 433 3685 13,
449 3627 491 3674 32.
514 3628 580 3675 Hinc
593 3639 618 3676 et
632 3645 674 3675 ve
718 3639 816 3676 centum
830 3644 950 3676 annorum
962 3627 1084 3693 prolepsis
1099 3639 1151 3686 est3
1166 3626 1233 3674 nuk.

158 3709 229 3746 nnete
242 3700 285 3750 inf.
297 3703 427 3764 XXXIX,
441 3707 487 3765 26,
499 3708 568 3755 velut
576 3724 608 3754 ex
618 3707 672 3755 diu·
719 3707 847 3756 Gemmeus
854 3724 942 3773 agmn
948 3727 958 3765 ,·
968 3707 1026 3755 vide
1035 3707 1067 3754 ad
1076 3709 1100 3767 1,
1113 3721 1146 3768 29
1155 3740 1162 3765 ,
1170 3722 1197 3754 n.
1207 3706 1232 3752 5.

158 3777 211 3824 rina
220 3778 262 3826 siti
271 3779 341 3828 nimis
353 3783 423 3830 avide
432 3801 524 3833 meram
534 3786 672 3835 haurientes
715 3812 751 3822 -
760 3788 793 3833 Et
802 3798 828 3833 ut
837 3804 861 3850 q.
871 3786 999 3843 audierat,
1015 3785 1187 3843 del.et,·1)uk.

158 3856 306 3916 libertatem,
326 3877 394 3924 pro:
418 3865 490 3912 nimis
511 3863 670 3915 Immoderate
753 3867 776 3912 3.
791 3866 908 3913 Submota
925 3866 997 3912 turba
1012 3865 1032 3912 si
1049 3876 1106 3913 sunt
1119 3864 1232 3923 ablatIvi,

157 3949 253 3986 utentes
266 3939 391 4000 libertate,
407 3959 455 4006 qua
469 3945 512 3992 diu
527 3958 670 4006 caruerant;
714 3954 772 4008 post
774 3955 916 4007 perventum
923 3957 984 3992 esset
993 3945 1065 3992 colon
1073 3943 1232 4008 ponendum:

156 4017 298 4082 metaphora
306 4020 383 4083 petita
389 4022 420 4068 ab
427 4022 612 4089 intemperantia
621 4038 670 4074 tam
715 4025 736 4071 si
745 4023 906 4082 nominativi,
914 4035 973 4088 post
982 4024 1135 4081 maceratum
1145 4026 1231 4070 Bauer.

156 4096 292 4149 ardentium
305 4099 361 4159 siti,
372 4116 445 4167 quam
457 4114 614 4167 potatorum,
627 4105 670 4168 qui
714 4131 750 4140 -
761 4102 827 4151 Inde
831 4103 950 4166 producti
955 4138 963 4164 ,
977 4103 1004 4152 iu
1014 4103 1071 4152 edd.
1084 4114 1145 4151 antt.
1156 4101 1231 4149 intro·
