2768 4574
147 320 216 403 314
571 322 607 386 r.
638 320 777 388 mvn
1051 298 1180 405 θςὲςςζζῑ

141 446 394 537 Metapontum
421 440 535 538 petiit.
562 445 692 510 Hanno
720 437 805 510 inde
832 440 881 530 (is
910 439 1007 509 enim
1036 440 1212 535 praesidio

144 552 221 646 ejus
238 551 308 621 loci
327 548 559 648 praelnerat5)
577 553 615 621 in
638 552 794 621 Bruttios
808 573 891 619 cum
906 549 1029 646 paucis
1043 547 1089 619 ad
1105 574 1214 620 exer-

143 662 255 731 citum
268 684 402 730 novum
418 662 700 758 comparandum
719 662 854 730 missus.
874 657 1070 744 Hannibal,
1087 661 1212 757 copiis

144 770 223 864 ejus
237 770 281 839 ad
300 795 381 841 suas
396 770 546 858 additis,
564 771 757 842 Venusiam
776 784 889 856 retro,
908 768 1040 864 quibus
1055 788 1213 842 venerat

83 916 93 927 ι
144 880 349 967 itineribus,
374 879 539 979 repetit⁶,
564 896 672 978 atque
696 882 781 952 inde
804 883 999 952 Canusium
1025 881 1208 978 procedit.
1235 895 1238 900 '

106 1054 109 1059 ⁴
142 994 338 1088 Nunquam
358 997 455 1064 Nero
476 993 632 1089 vestigiis
653 991 764 1061 hestis
781 990 989 1077 abstiterat,
1006 1006 1044 1061 et
1065 996 1109 1083 Q.
1124 991 1211 1063 Ful-

142 1100 258 1187 vium,
276 1126 389 1197 quum
399 1106 649 1199 Metapontum
665 1103 741 1198 ipse
758 1100 1063 1198 proficisceretur,
1082 1103 1122 1170 in
1136 1106 1213 1171 Lu·

145 1232 271 1295 canos,
292 1237 338 1282 ne
352 1213 451 1310 regio
466 1238 507 1283 ea
522 1214 598 1283 sine
614 1210 777 1307 praesidio
794 1226 903 1297 esset,
926 1213 1143 1282 arcessierat.

191 1325 317 1390 XLIII.
342 1327 441 1392 Inter
455 1322 530 1392 haec
549 1322 595 1392 ab
613 1320 850 1407 Hasdrubale,
876 1335 1067 1418 postquam
1089 1345 1111 1390 a
1126 1320 1212 1392 Pla·

143 1431 268 1500 centiae
294 1430 508 1503 obsidione1
537 1432 724 1516 abscessit,
749 1445 907 1528 quatuor
936 1432 1017 1528 galli
1043 1433 1211 1527 equites,

143 1538 219 1609 duo
232 1541 406 1631 numidae,
422 1567 505 1612 cum
521 1544 631 1613 literis
649 1541 694 1613 ad
704 1540 942 1612 Hannibalem
955 1542 1068 1630 missi,
1088 1565 1212 1637 quum

143 1671 210 1744 per
231 1650 370 1722 medios
389 1652 509 1723 hostes
532 1667 645 1723 totam
673 1650 785 1722 ferme
812 1651 1077 1748 longitudinem
1095 1649 1212 1722 Italiae

144 1764 280 1832 emensi
305 1779 439 1848 essent,
466 1765 553 1836 dum
578 1770 828 1862 Metapontum
856 1762 1043 1833 cedentem
1065 1762 1211 1831 Hanni·

143 1867 261 1942 balem
278 1887 492 1969 sequuntur,
507 1875 654 1945 incertis
667 1873 855 1945 itineribus
865 1879 1059 1943 Tarentum
1074 1870 1210 1959 delati,

144 1983 274 2078 avagis
293 2006 358 2078 per
376 2006 479 2078 agros
497 1984 772 2080 pabulatoribus
790 1985 949 2055 romanis
969 1982 1016 2053 'ad
1037 1984 1082 2072 Q.
1096 1970 1212 2052 (llan-

145 2089 245 2160 dium
267 2107 526 2188 propraetorem
547 2094 787 2166 deducuntur.
811 2101 901 2165 Eum
920 2095 1038 2190 primo
1058 2092 1211 2162 incertis

141 2198 368 2298 implicantes
385 2205 586 2300 responsis,
608 2219 649 2274 ut
666 2219 783 2276 metus
800 2216 1064 2273 tormentorum
1082 2199 1212 2271 admo-

143 2328 203 2388 tus
223 2311 326 2386 fateri
343 2341 425 2387 vera
438 2320 577 2415 coegit,
601 2319 842 2403 edocuerunt,
862 2317 981 2387 literas
994 2339 1032 2385 se
1051 2312 1096 2384 ab
1114 2319 1209 2384 Has-

144 2422 294 2495 drubale
324 2426 368 2497 ad
393 2428 630 2499 Hannibalem
651 2427 756 2500 ferre.
782 2433 873 2500 Cum
896 2430 937 2497 iis
956 2425 1085 2510 literis,
1112 2426 1211 2496 sicut

143 2548 265 2622 erant,
290 2537 456 2632 signatis,
475 2544 515 2608 L.
527 2539 691 2638 Virginio
710 2538 859 2610 tribuno
875 2537 1028 2607 militum
1047 2534 1211 2607 ducendi

144 2643 189 2714 ad
204 2645 395 2718 Claudium
418 2650 604 2720 consulem
621 2650 825 2720 traduntur.
847 2653 934 2719 Duae
954 2646 1060 2717 simul
1077 2660 1211 2717 turmae

144 2758 357 2827 Samnitium
376 2761 531 2856 praesidii
550 2784 666 2837 causa¹
678 2761 815 2828 missoe:
836 2758 897 2853 qui
920 2754 983 2826 ubi
1002 2753 1048 2825 ad
1069 2766 1210 2825 consu'-
1238 2757 1246 2765 '

144 2864 215 2935 lem
240 2883 505 2964 pervenerunt,
534 2870 720 2965 literaeque
736 2867 847 2937 'lectae
878 2889 942 2962 per
968 2865 1210 2960 interpretem

144 2988 244 3062 sunt,
262 2991 297 3046 et
311 3002 356 3046 ex
374 2978 522 3074 captivis
536 2978 785 3073 percunctatio
799 2974 907 3061 facta,
924 2988 1001 3043 tum
1014 2971 1211 3060 Claudius,

144 3107 219 3153 non
244 3084 281 3154 id
304 3100 448 3181 tempus
476 3110 552 3156 esse
579 3087 789 3185 reipublicae
814 3100 931 3171 ratus,
953 3106 1029 3180 quo
1047 3081 1213 3156 consiliis

145 3193 337 3264 ordinariis
357 3197 548 3292 provincia
572 3223 643 3267 suae
666 3199 820 3295 quisque
841 3193 995 3266 limbus²
1015 3216 1081 3291 per
1100 3217 1211 3265 exer-

144 3304 236 3382 eitus
263 3328 347 3375 suos
372 3329 453 3375 eum
471 3305 573 3377 hoste
583 3307 763 3379 destinato
779 3304 826 3376 ab
845 3319 971 3376 senatu
984 3301 1123 3373 bellum
1141 3326 1211 3401 ge-

180 3505 204 3554 t.
223 3504 341 3554 Praesidio
360 3507 411 3573 ejus
431 3510 480 3557 loci
498 3510 652 3576 pmfirerat5
695 3509 823 3572 qnisquam
840 3518 933 3556 mutare
948 3522 1021 3554 rums
1034 3504 1123 3564 fuerit,
1135 3507 1210 3569 qussi

144 3583 242 3633 vidend
252 3587 302 3642 tx,
317 3588 359 3645 31,
369 3605 395 3636 n.
410 3603 432 3635 1.
695 3603 746 3634 non
758 3588 868 3652 potnerit
878 3586 1029 3644 Hasdrubal,
1046 3584 1079 3633 ad
1095 3584 1211 3633 obsiditi-

178 3664 519 3730 d.Ven.r.repetit,-vid.11,
530 3667 651 3726 45,n.ro.
695 3682 751 3714 nem
769 3666 897 3714 Placentite
911 3663 1044 3723 accedeus,
1065 3661 1139 3727 quarti
1154 3679 1211 3713 non

177 3744 240 3794 Car.
258 3747 348 3793 XLIII.
366 3761 388 3794 1.
407 3749 431 3794 A
444 3745 579 3795 Placentia
590 3746 652 3792 obsi·
695 3741 800 3810 putabat
810 3744 880 3808 longi
893 3743 987 3806 negotii
1000 3742 1121 3798 futuram,
1143 3756 1209 3807 pru·

144 3823 231 3882 diona·
244 3824 295 3872 vid.
311 3841 365 3890 cap.
385 3827 427 3888 39.
450 3854 484 3862 -
502 3826 650 3882 Rhenanus,
695 3825 790 3872 mittere
802 3824 896 3887 equites
905 3836 960 3869 cnm
973 3819 1090 3883 literisad
1098 3820 1211 3869 buttem.

143 3920 157 3952 e
178 3903 242 3952 libro
265 3919 325 3962 mo,
344 3921 400 3952 cum
424 3920 475 3968 quo
495 3903 651 3952 consentiunt
696 3903 742 3952 Sed
754 3903 852 3967 vulgato
862 3900 985 3949 etrum.
996 3901 1042 3947 En.

82 4030 95 4052 ⁸
143 3984 202 4032 Pell.
213 4000 227 4031 a
240 3995 264 4031 et
277 3985 305 4040 3,
319 3984 355 4030 ad
367 3986 435 4031 Plac.
449 3982 597 4031 obsidionem
610 3999 651 4029 ac·
730 3999 754 4029 s.
768 3986 841 4030 Prov.
852 3994 903 4028 suae
916 3976 1135 4046 qubqnefiuibtrs,
1158 3988 1208 4029 ete.

144 4062 232 4109 cessit:
245 4078 317 4126 quam
329 4062 460 4110 lectionem
474 4063 589 4120 mitetur,
608 4076 651 4109 our
694 4061 794 4109 vidend
808 4062 850 4120 X,
864 4062 907 4121 ra,
922 4075 948 4107 n.
960 4060 983 4106 8.
