2768 4574
1113 257 1139 294 t.
1149 258 1174 297 c.
1186 258 1232 303 act.

194 281 262 354 522
618 280 657 346 T.
692 278 835 347 LIVII
1113 315 1234 364 mm,

193 419 348 476 ctutum.
373 403 527 470 Pravum
547 411 731 469 certamen
756 412 925 467 notarum
949 397 1044 466 inter
1064 421 1257 467 censores:

193 515 376 613 castigatio
399 515 645 585 inconstantiae
666 504 831 610 po'puli11
848 513 1009 582 censoria
1031 525 1067 583 et
1085 513 1259 608 gravitate

192 642 400 724 temporum
417 624 563 695 illorum
589 624 706 721 digna.
734 628 776 692 In
796 621 929 692 invidia
952 645 1117 693 censores
1142 647 1259 725 quum

192 752 313 807 essent
323 791 332 822 ,
344 733 529 806 crescendi
544 759 587 803 ex
602 734 657 804 his
671 747 771 803 ratus
786 757 861 803 esse
876 733 1101 804 occasionem
1112 736 1179 802 Cn.
1191 739 1261 802 Bae

192 847 274 918 bius
294 845 461 916 tribunus
483 844 599 943 plebis
621 844 717 915 diem
735 845 781 914 ad
795 845 974 942 populum
990 847 1137 940 utrique
1153 843 1257 914 dixit.

192 961 242 1026 Ea
263 981 320 1026 res
340 980 517 1027 consensu
540 959 684 1025 Patrum
703 953 860 1025 discussa
879 968 952 1043 est,
976 981 1022 1025 ne
1040 968 1167 1052 postea
1190 953 1260 1025 ob·

194 1067 300 1137 noxia
318 1067 484 1164 populari
503 1090 596 1135 aurae
609 1075 639 1107 ¹²
656 1086 806 1136 censura
825 1081 927 1136 esset.

241 1182 436 1250 XXXVIII.
466 1178 600 1248 Eadem
627 1191 745 1247 aestate
773 1177 811 1246 in
842 1177 989 1247 Bruttiis
1017 1176 1261 1272 Clampetiae

105 1314 113 1329 ·
193 1288 342 1358 consule
358 1291 393 1357 vi
411 1303 535 1386 capta,
554 1288 766 1358 Consentia¹
787 1303 824 1358 et
838 1287 1015 1359 Pandosia
1030 1302 1065 1359 et
1080 1287 1261 1385 ignobiles

192 1397 274 1466 aliae¹
282 1398 440 1470 civitates
451 1400 638 1468 voluntate
650 1400 687 1467 in
698 1397 873 1468 ditionem
884 1413 1075 1468 venerunt.
1090 1402 1135 1469 Et
1145 1423 1262 1495 quum

193 1507 423 1577 comitiorum
439 1509 513 1603 jam
533 1523 721 1606 appeteret
735 1524 897 1606 tempus,
914 1509 1125 1580 Cornelium
1138 1511 1263 1606 potius

192 1639 239 1685 ex
248 1619 408 1701 Etruria,
423 1618 488 1688 ubi
502 1619 592 1690 nihil
606 1618 693 1690 belli
707 1634 802 1707 erat,
817 1624 967 1689 Romam
985 1620 1090 1689 acciri
1104 1619 1259 1715 placuit:

193 1727 223 1798 is
240 1729 407 1799 consules
430 1734 495 1799 Cn.
521 1731 708 1801 Servilium
725 1731 930 1827 Caepionem
950 1744 986 1801 et
1007 1733 1046 1799 C.
1070 1729 1263 1800 Servilium

195 1840 411 1909 Geminum²
421 1841 662 1911 creavitlnde
673 1843 838 1938 praetoria
848 1839 1139 1911 comitiahabita:
1150 1841 1264 1910 creati

193 1950 227 2016 Ρ.
246 1951 435 2020 Cornelius
453 1952 647 2038 Lentulus,
667 1955 705 2021 P.
721 1951 918 2041 Quintilius
939 1956 1071 2037 Varus,
1095 1954 1132 2020 P.
1148 1951 1264 2020 AElius

192 2060 325 2146 Paetus,
339 2067 375 2130 P.
392 2062 519 2134 Villius
533 2062 738 2160 Tappulus:
760 2062 798 2131 hi
814 2061 905 2148 duo,
922 2086 1037 2159 quum
1056 2061 1176 2131 aediles
1190 2061 1264 2158 ple·

192 2165 248 2237 bis
265 2187 401 2259 essent,
417 2187 587 2268 praetores
605 2174 713 2244 creati
732 2188 825 2243 sunt.
843 2172 997 2257 Consul,
1011 2173 1165 2243 comitiis
1178 2196 1263 2268 per·

193 2275 312 2366 sectis,
327 2281 373 2350 ad
390 2285 588 2354 exercitum
606 2285 643 2353 in
657 2285 837 2354 Etruriam
856 2284 973 2354 rediit.
989 2281 1201 2354 Sacerdotes
1218 2306 1264 2352 eo

192 2412 289 2459 anno
308 2394 444 2461 mortui
459 2407 569 2488 atque
588 2395 626 2462 in
645 2395 765 2464 locum
785 2419 913 2466 eorum
931 2391 1072 2464 susleeti
1089 2419 1097 2460 :
1117 2393 1170 2461 Ti.
1187 2397 1264 2463 Ve-

195 2499 310 2570 turius
329 2499 431 2573 Philo
452 2502 583 2574 flamen
599 2506 769 2575 martialis
789 2505 966 2583 inlocum
979 2508 1028 2576 Μ.
1043 2503 1175 2573 AEmilii
1194 2508 1265 2574 Re·

233 2748 274 2808 11'.
290 2760 424 2824 Castigatio
434 2761 536 2811 inconst.
541 2762 642 2828 populi,
657 2775 703 2811 etc.

192 2854 248 2901 quae
260 2840 333 2886 verba
348 2839 470 2904 duplicem
483 2843 616 2891 admittunt
628 2842 705 2891 inter·

749 2763 860 2812 volentes
872 2763 952 2826 aliqua
968 2761 1111 2811 necessitate
1127 2759 1209 2808 adacti
1225 2760 1266 2808 dc·

750 2843 869 2891 ditionem
887 2859 954 2890 suam
969 2842 1002 2889 ad
1016 2841 1140 2890 consulem
1154 2839 1266 2904 prlorem
1309 2886 1312 2891 ,

192 2918 371 2982 pretationem:
392 2920 429 2967 vel
447 2921 576 2985 castigatio
595 2922 705 2969 censoria

192 2998 364 3045 inconstantia
371 3000 460 3062 populi
468 3001 515 3048 fuit
525 3012 549 3048 et
561 3001 637 3066 digna
649 3013 705 3048 tem·

188 3094 280 3141 porum
291 3078 386 3126 illoram
397 3077 520 3142 gravitate
531 3097 540 3126 :
551 3080 591 3127 vel
602 3082 705 3144 cartign-

195 3159 230 3205 tio
246 3159 295 3205 inc.
304 3175 365 3223 pop.
380 3159 426 3205 fnit
439 3158 512 3221 digna
521 3176 568 3222 qua
577 3161 688 3207 censorIa
697 3195 703 3218 ‚

193 3253 241 3300 qua
250 3249 388 3301 temporum
396 3238 494 3284 illorum
502 3239 631 3301 gravitata3
640 3243 704 3288 Gro-

194 3317 291 3365 novius.
306 3344 341 3352 -—
354 3317 481 3364 Crescendi
491 3334 523 3364 ex
536 3317 588 3375 tis;
605 3319 660 3366 vide
673 3318 704 3365 ad

194 3398 357 3456 nuhaa,
375 3414 401 3446 n.
415 3399 439 3445 8.

233 3494 273 3526 ra.
292 3478 407 3524 Obnoxia
419 3477 537 3541 populari
552 3493 637 3532 aurae:
648 3477 704 3524 vide

194 3556 614 3621 ad111‚33,n.2;111‚39,n.1.

229 3639 290 3685 Car.
307 3639 453 3686 XXXVIII.
476 3652 498 3686 1.
524 3636 659 3700 Clampetia
680 3648 705 3684 et

195 3717 326 3764 Consentia
343 3717 375 3764 ad
393 3719 518 3764 Romanos
540 3718 617 3763 aerius
639 3716 705 3764 defe-

195 3813 261 3855 eere;
275 3798 331 3844 vida
341 3797 373 3843 ad
383 3780 473 3855 XXX,
488 3811 528 3857 19.
539 3796 587 3843 Sed
599 3797 705 3860 prudent

195 3876 273 3924 lector
287 3877 401 3939 intelligit
416 3876 500 3933 facile,
515 3877 553 3923 his
567 3893 629 3924 coss.
640 3876 705 3922 inee-

749 2925 874 2981 miserint,
887 2923 927 2970 alii
940 2925 1032 2985 maiore
1042 2921 1125 2968 studio
1139 2919 1266 2966 denudare

750 3003 870 3066 coeperint
883 3003 994 3058 animos,
1010 3017 1048 3047 rea
1064 3015 1123 3047 vero
1138 3008 1193 3045 tota
1211 3013 1266 3044 non

748 3082 797 3128 nisi
814 3083 930 3145 proximo
950 3094 1016 3128 anno
1034 3078 1146 3142 perfecta
1165 3093 1194 3123 ac
1214 3087 1266 3124 rata

748 3161 836 3218 fucrit3
857 3163 935 3209 Gron.
956 3157 1091 3222 Clampetia
1111 3156 1265 3203 Bruttiorum

749 3242 847 3301 eadem,
855 3258 911 3304 quae
919 3239 1068 3308 Aapae'ruu
1077 3239 1167 3287 dieitur
1173 3237 1264 3301 Steph.

749 3330 773 3367 ct
797 3318 888 3384 Polyb.
911 3320 988 3377 XIII,
1012 3333 1058 3375 ιο,
1079 3332 1112 3373 a,
1136 3312 1180 3360 ubi
1210 3314 1265 3360 vid.

749 3397 884 3461 Schweigh.
899 3399 937 3444 Da
949 3395 1078 3445 Consentia
1091 3393 1165 3440 etiam
1176 3394 1266 3452 XXV,

752 3494 775 3535 1,
782 3490 806 3526 et
816 3479 942 3535 XXVIII,
955 3493 999 3536 11,
1011 3476 1076 3525 varie
1085 3473 1172 3520 scribit
1182 3488 1189 3521 ε
1202 3484 1228 3520 et
1238 3473 1268 3520 vi

748 3557 838 3605 mutari
851 3557 895 3604 vix
906 3568 1001 3621 potest,
1015 3555 1071 3619 quia
1081 3552 1209 3601 voluntati
1220 3568 1267 3616 op-

748 3636 866 3700 ponitur3
884 3635 950 3683 Dut.

785 3732 809 3763 a.
831 3714 856 3762 C.
876 3714 1002 3762 Servilium
1018 3712 1163 3768 Geminam,
1179 3722 1207 3758 ut
1221 3710 1267 3759 lib.

749 3798 855 3853 XXXI,
873 3803 897 3852 4.
916 3793 958 3843 Cri.
977 3810 1063 3842 omnes
1080 3794 1143 3840 MSS
1161 3802 1188 3837 ct
1208 3790 1268 3840 edd.

750 3887 806 3923 ante
820 3876 896 3924 Drak.
907 3874 1004 3923 Gemini
1014 3889 1066 3920 non
1078 3871 1155 3919 modo
1167 3869 1270 3933 patricii

198 3970 246 4023 ptae
262 3958 296 4004 rei
311 3960 393 4005 nescio
410 3957 470 4021 quid
487 3957 654 4023 impedimenti
671 3956 706 4001 in·
750 3957 832 4014 fuere,
849 3955 981 4002 sedetiam
998 3952 1096 4019 plebeii.
1106 3951 1181 4000 Conf.
1196 3949 1269 4011 Pigb.

199 4040 341 4096 tervcnisse,
356 4050 383 4086 ut
399 4039 440 4085 alii
454 4039 552 4102 quidem
568 4053 619 4084 non
635 4035 705 4083 valde
750 4037 817 4084 Anu.
827 4035 859 4082 ad
867 4051 906 4082 an.
916 4035 974 4093 DL,
985 4033 1084 4098 etinpr.
1094 4028 1268 4080 Perit-Anim.
