2768 4574
183 315 307 422 ata:
398 337 551 402 traua
582 337 700 403 xxv.
730 336 832 404 car.
861 334 963 426 xlx.
1171 327 1216 400 53

157 455 229 525 lam
238 466 428 551 pretorem
437 455 475 524 in
484 468 648 525 senatum
660 453 898 539 introductus,
909 450 1000 549 petit
1010 473 1029 519 a
1039 446 1216 538 Patribus,

158 567 211 636 uti
226 564 293 635 sibi
310 565 475 661 quinque
493 563 603 636 millia
616 564 769 637 militum
785 563 977 634 darentur:
992 585 1047 647 se,
1056 551 1217 659 periturir

158 690 194 749 et
205 674 315 744 dorus
332 690 368 747 et
382 680 585 769 regionum,
602 674 700 746 brevi
715 678 1001 773 operaepretium
1007 674 1218 762 facturum,-

157 784 360 883 ‹eu-quibus
378 785 514 857 artibus
537 785 645 858 adid
665 779 849 856 locorum⁵
868 787 979 852 nostri
1000 798 1037 851 et
1054 781 1161 851 duces
1183 795 1220 851 et

157 899 576 992 meara'tuscaptiforent,
593 901 635 966 iis
646 895 813 966 adversus
827 899 1042 963 inventorem
1056 913 1215 960 usurum.

153 1005 200 1081 Id
214 1029 291 1075 non
303 1007 518 1102 promissum
536 1008 647 1103 magis
665 1005 813 1092 stolide,
832 1025 942 1100 quam
960 999 1088 1071 stolide
1107 998 1219 1070 credi·

124 1098 128 1107 ’
157 1128 256 1204 tum;
276 1131 449 1212 tanquam
465 1115 604 1188 eaedern
625 1115 794 1210 mititares
812 1128 848 1184 et
868 1111 1106 1209 imperatoriae
1126 1124 1219 1180 artes

158 1231 411 1312 essent-Data,
432 1251 502 1324 pro
516 1228 696 1324 quinque,
714 1240 797 1296 octo
814 1223 926 1294 millia
941 1221 1097 1292 militum
1111 1247 1120 1305 3
1137 1243 1220 1314 pars

157 1333 303 1405 dimidia
323 1337 436 1424 cives,
457 1361 539 1434 pars
559 1338 648 1408 socii
667 1351 728 1406 :et
748 1338 825 1434 ipse
844 1333 1070 1430 aliquantum
1086 1328 1219 1398 volun-

158 1443 354 1515 tariorum6
364 1447 492 1518 itinere
501 1449 539 1517 in
551 1449 643 1544 agris
657 1448 829 1533 concivit,
840 1469 897 1532 ac,
909 1468 1026 1541 prope
1035 1440 1222 1537 duplicato

159 1554 334 1639 exercitu,
349 1557 387 1625 in
400 1561 567 1627 Lucanos
581 1558 764 1653 pervenit3
778 1555 843 1627 ubi
856 1552 1051 1638 Hannibai,
1066 1547 1221 1645 nequid-

158 1687 266 1758 quam
284 1681 460 1762 sequutus
476 1668 652 1763 Appium,
672 1665 890 1736 substiterat.
912 1661 1017 1732 Haud
1035 1657 1145 1751 dubia
1155 1679 1222 1767 ‚res

157 1787 210 1843 est
219 1785 245 1861 7,
257 1777 393 1872 quippe
407 1778 501 1846 inter
512 1775 750 1846 Hannibalem
763 1773 894 1844 ducem
904 1785 940 1841 et
950 1768 1219 1852 centurionem,

158 1886 428 1981 exercitusque,
446 1887 599 1965 alterum
619 1884 798 1956 vincendo
816 1897 1044 1966 veteranum,
1067 1878 1220 1948 alterum

157 2018 293 2065 novum
308 2009 446 2098 totum,
459 2010 494 2065 et
507 2020 637 2092 magna
650 2009 807 2092 exparte
822 1994 930 2064 etiam
945 1987 1221 2061 tumultuarium

158 2125 200 2173 ac
218 2106 454 2175 semiermem.
472 2110 521 2176 Ut
534 2121 725 2202 conspecta
745 2107 839 2174 inter
857 2128 894 2174 se
910 2103 1051 2199 agmina
1068 2112 1170 2184 sunt,
1186 2109 1223 2167 et

153 2227 287 2283 neutra
308 2238 388 2311 pars
407 2213 618 2286 detrectavit
637 2239 816 2312 pugnam,
835 2211 1018 2310 extemplo
1039 2212 1223 2280 instructae

157 2325 265 2392 acies:
275 2339 475 2420 pugnatum
490 2332 630 2410 tamen,
647 2326 738 2394 utin
754 2324 852 2402 nulla
867 2324 943 2419 pari
958 2317 1033 2408 re⁸,
1043 2320 1132 2390 duas
1148 2341 1221 2391 am-

157 2431 253 2529 plius
264 2431 390 2523 haras,
405 2436 583 2522 concitata
592 2449 647 2522 wet,
663 2433 780 2508 donec
794 2433 868 2504 dux
886 2433 1059 2518 stetisset,
1073 2451 1224 2500 romana

157 2542 242 2611 acie.
253 2545 457 2640 ¹{tauquam
475 2547 525 2630 is,
548 2569 625 2615 non
644 2569 711 2641 pro
727 2558 850 2615 vetere
868 2541 962 2613 fama
980 2542 1098 2613 solum
1109 2549 1137 2625 9,
1159 2536 1221 2608 sed

159 2650 264 2721 etiam
278 2655 378 2724 'metu
394 2653 506 2724 futuri
523 2653 729 2741 dedecoris,
745 2654 775 2724 si
787 2679 852 2723 sua
868 2652 1069 2736 temeritate
1083 2661 1222 2733 contra·

159 2773 223 2829 ctae
240 2760 330 2834 cladi
345 2779 566 2858 superesset,
583 2748 771 2857 objectans
785 2787 822 2833 se
844 2762 1004 2833 hostium
1018 2760 1114 2846 telis,
1129 2758 1222 2831 ceci-

158 2866 232 2956 dit3
247 2867 325 2940 fusa
339 2875 521 2972 externplo
535 2888 590 2957 est
601 2897 751 2943 romana
765 2875 877 2977 acies:
894 2871 956 2942 sed
971 2869 1061 2940 adeo
1073 2892 1120 2939 ne
1131 2865 1224 2962 fugae

160 2978 308 3075 quidem
322 2982 390 3067 iter
403 2984 538 3078 patuit,
553 2982 722 3055 omnibus
735 2982 801 3058 viis
815 2978 860 3050 ab
876 2972 999 3072 equite
1013 2975 1172 3060 insessis,
1184 2988 1225 3045 ut

155 3193 205 3263 pili
213 3195 364 3242 centuriones
369 3214 379 3252 ,·
392 3196 449 3243 vide
462 3196 493 3244 ad
503 3199 541 3254 11,
552 3213 595 3258 27,
606 3215 633 3246 ιι.
644 3215 666 3256 7.
712 3212 841 3256 romanum
858 3197 933 3242 Doer.
950 3194 987 3243 cf.
1001 3194 1032 3241 ad
1045 3194 1085 3252 11,
1106 3194 1152 3253 38,
1164 3210 1189 3242 n.
1200 3195 1224 3242 3.

196 3273 222 3320 5.
231 3274 274 3320 Ad
286 3275 314 3321 id
320 3276 444 3332 locorum
457 3274 507 3322 ald.
520 3275 553 3323 ad
563 3278 614 3332 tx,
626 3277 669 3335 45,
712 3277 837 3322 -Locus
848 3272 951 3322 mirifice
963 3284 1078 3330 vexatus,
1092 3273 1132 3318 eui
1144 3284 1224 3321 tamen

159 3367 215 3400 mr.
224 3353 287 3398 Mox
294 3353 396 3400 alterum
404 3352 492 3400 stolide
500 3369 585 3400 vacare
595 3364 669 3417 put03
712 3354 823 3401 inttdiase
838 3354 919 3402 lucem
934 3352 1050 3400 ridentur
1062 3351 1108 3398 viri
1125 3351 1225 3399 doctiss.

160 3433 238 3477 Gran.
248 3431 320 3478 Conf.
330 3443 414 3480 tamen
422 3432 453 3479 ad
462 3434 489 3490 1,
500 3433 525 3489 3,
534 3449 559 3478 n.
568 3434 592 3479 8.
714 3433 852 3481 Secundum
875 3431 951 3479 Drak.
970 3431 1081 3478 dedimus
1102 3431 1226 3478 concitata

186 3508 669 3572 d.Aliquantumvoluntarr'orum5vide
714 3522 752 3567 et,
775 3510 867 3568 donec,
890 3510 995 3574 reposita
1013 3510 1132 3574 particula
1153 3523 1226 3572 quam

162 3586 194 3633 ad
204 3587 243 3645 11,
254 3588 300 3648 39,
313 3604 338 3634 n.
349 3603 371 3636 1.
714 3592 791 3645 Gran„
802 3627 809 3648 ,
820 3593 891 3639 Crev.
905 3590 993 3651 aliique
1005 3591 1087 3659 plures
1100 3605 1225 3654 perperam

199 3680 222 3723 7.
237 3666 314 3712 Haud
321 3666 396 3714 dubia
407 3684 444 3715 res
455 3679 502 3725 ese,
517 3680 618 3717 eventus
628 3668 670 3716 rei.
713 3668 883 3732 neglexerant;
892 3683 948 3715 nam
957 3660 1088 3716 semus'est
1100 3669 1226 3716 :Romana

162 3769 197 3779 -
205 3742 328 3792 Vincenda
336 3758 492 3804 veteranum,
503 3747 546 3795 diu
554 3748 670 3795 exercita-
713 3748 777 3795 acies
784 3763 835 3794 non
844 3757 938 3794 tantum
945 3742 1123 3810 aggredientem
1130 3747 1226 3794 hostem

163 3833 223 3870 tum.
234 3849 269 3859 -
276 3826 482 3883 tumultuatum,-
491 3827 548 3875 vidc
557 3844 629 3893 supra
639 3827 671 3874 ad
714 3827 817 3891 repulit,
825 3824 868 3873 sed
878 3826 905 3872 in
916 3841 971 3874 eum
983 3825 1089 3874 vicissim
1102 3826 1226 3874 concitata

164 3903 188 3960 1,
205 3902 247 3962 37,
260 3918 286 3948 ιι.
296 3909 321 3956 t.
465 3935 470 3945 „
715 3904 826 3953 incurrit.
839 3905 884 3952 En.

201 3982 225 4027 8.
238 3982 270 4027 Ut
279 3979 304 4026 r'n
313 3982 381 4029 nulla
386 3983 447 4046 pari
457 4000 496 4041 re,
507 3985 618 4048 quamvis
627 3984 671 4033 ho·
751 3999 776 4045 9.
783 3984 841 4030 Non
848 4000 894 4046 pro
903 3984 1063 4050 veteresama¹
1071 3985 1148 4032 solum
1155 4003 1164 4040 ,·
1171 3982 1227 4030 vide

66 4105 69 4112 ,
102 4089 104 4093 -
166 4059 216 4111 stili
236 4059 353 4109 exercitui
370 4061 397 4108 ia
414 4062 480 4111 nulla
500 4078 526 4110 re
544 4079 589 4128 par
610 4073 672 4111 esset
716 4062 945 4123 advt1,3t‚n.2.
