2768 4574
223 287 347 398 litt:
404 312 555 381 LIBER
584 313 704 381 xxv.
733 314 835 383 cur.
864 314 1048 383 xxvtu.
1211 336 1251 409 71

198 449 286 502 tuna
299 447 390 504 esset
397 460 410 519 ;
425 457 511 503 neve
526 431 630 503 alteri
632 438 783 530 proprie
801 432 1144 530 stbtpacacerentar
1155 434 1258 528 quid·

197 567 320 638 quam.
341 544 489 640 Recepti
515 543 645 615 deinde
671 542 716 614 ab
740 544 806 628 iis,
829 558 870 613 ut
892 546 1111 616 necessarios
1132 544 1257 643 hospi-

198 667 322 748 tesque
342 651 633 750 alloquerentur,
653 655 839 751 expositis,
860 679 939 750 quse
959 669 1060 752 pacta
1078 655 1151 749 jam
1174 679 1258 725 cum

197 767 366 838 Marcello
384 768 581 857 haberent,
600 767 721 840 oblata
738 793 801 866 spe
824 769 946 839 salutis
967 770 1158 866 perpulere
1173 794 1256 855 eos,
1317 802 1320 812 ⁴

197 891 238 946 ut
251 901 373 947 secum
390 877 576 975 praefectos
591 880 758 976 Epicydis
767 876 794 967 ³,
807 878 1021 975 Polyclitum
1037 895 1072 949 et
1086 879 1258 950 Philistio-

196 1016 281 1062 nem
297 1006 333 1062 et
348 993 551 1090 Epicyden,
568 996 626 1065 cui
644 994 781 1064 Sindon
801 1017 1001 1091 cognomen
1023 1008 1115 1082 erat,
1132 1019 1256 1093 aggre-

197 1100 381 1172 derentur.
402 1103 603 1175 Interfectis
620 1106 661 1175 iis
680 1118 716 1174 et
734 1103 965 1174 multitudine
981 1103 1025 1173 ad
1044 1104 1261 1183 concionem

195 1226 339 1301 vocata,
354 1226 390 1282 et
407 1214 585 1311 inopiam,
604 1239 675 1311 qua
692 1217 759 1312 ipsi
777 1217 871 1286 inter
888 1240 925 1285 se
944 1213 1096 1286 fremere
1118 1215 1268 1286 occulte,
1311 1300 1318 1308 ἱ

196 1321 291 1392 soliti
303 1337 423 1411 eraut,
437 1327 642 1422 conquesti,
653 1351 865 1422 quanquam
880 1326 1039 1396 totmala
1053 1341 1256 1422 arguerent,

196 1445 374 1527 negarunt
385 1434 605 1522 ,fortunam
617 1435 861 1504 accusandam
880 1460 971 1522 esse,
990 1435 1093 1532 quod
1107 1441 1143 1504 in
1162 1441 1259 1532 ipso-

195 1565 275 1609 rum
287 1556 379 1629 esset
381 1557 571 1638 potestate,
582 1569 695 1640 quum
705 1543 769 1613 diu
783 1548 1076 1641 eupaterenmrt.
1085 1550 1258 1615 Romanis

195 1675 341 1720 causam
357 1653 594 1749 oppugnandi
609 1657 804 1746 Syracusas
808 1656 929 1744 fuisse
946 1660 1130 1724 caritatem
1148 1657 1258 1746 Syra·
1344 1656 1346 1661 ’

194 1785 429 1849 eusanorum,
453 1788 525 1833 non
548 1763 672 1833 odium
691 1791 701 1833 .·
723 1790 829 1850 nam,
854 1780 895 1836 ut
914 1780 1107 1860 occupatas
1128 1789 1183 1834 res
1209 1765 1258 1834 ab

193 1871 402 1942 satellitibus
413 1873 648 1961 Hannibalis,
663 1873 794 1944 deinde
801 1878 1028 1964 Hieronymi,
1037 1877 1258 1969 Hippocrate

194 1996 303 2077 atque
311 1983 472 2078 Epicyde
488 1983 681 2070 audierint,
700 1999 774 2053 tum
790 1982 921 2053 bellum
933 1988 1102 2069 mavum,
1118 1997 1154 2052 et
1165 1980 1258 2052 obsi-

194 2090 279 2159 dere
295 2089 419 2161 urbem
433 2098 657 2189 coepisse‚·ut
670 2092 828 2164 crudeles
845 2109 1015 2185 tyrannos
1026 2093 1117 2186 qus,
1132 2115 1205 2161 non
1219 2108 1261 2161 ut

195 2205 311 2296 ipstun
328 2199 469 2287 urbem,
486 2220 744 2299 expugnarent.
761 2208 982 2301 Hippocrate
994 2226 1083 2272 uero
1096 2206 1258 2271 interem-

186 2327 254 2407 pto
262 2366 272 2398 ,
292 2313 454 2409 Epicyde
467 2313 655 2384 intercluso
669 2314 718 2384 ab
730 2317 929 2409 Syracusis,
951 2312 1168 2409 etpraefectis
1182 2313 1258 2406 ejus

195 2427 339 2509 occisis,
374 2410 726 2519 Carthaginiensibus
754 2429 861 2497 omni·
870 2427 1098 2520 possessione
1128 2419 1257 2490 Siciliae

160 2678 167 2687 „
195 2636 252 2674 uota
267 2637 320 2676 eet:
333 2627 425 2676 «Missi
436 2639 528 2676 erente
541 2627 626 2676 castris
639 2627 705 2676 Sicu·
747 2626 839 2677 Sindon
860 2643 992 2693 cognomen
1015 2637 1069 2672 erat
1089 2643 1099 2673 .·
1119 2626 1154 2674 ita
1173 2640 1258 2672 omues

93 2692 94 2696 ¹
194 2703 273 2751 lorum
284 2703 467 2753 adMarcellum
478 2706 508 2754 de
518 2706 704 2755 conditionibus
748 2707 797 2754 lere
806 2709 876 2754 MSS.
885 2705 960 2770 Sidon
972 2704 1091 2753 edd.ente
1100 2703 1175 2751 unt.
1184 2704 1259 2748 -Et

155 2822 157 2826 ,
195 2782 313 2833 dedendae
324 2783 457 2842 urbinus
468 2786 501 2833 ita
511 2797 539 2833 ut
548 2777 721 2851 explorarent¹
748 2785 869 2849 inopiam,
885 2800 936 2849 qua
948 2783 995 2847 ipsi
1004 2783 1068 2830 inter
1078 2798 1104 2830 se
1109 2780 1217 2847 fremere
1231 2796 1255 2826 o.

194 2862 267 2926 prius,
280 2861 433 2912 obsessorum
446 2864 610 2922 voluntatem,
631 2880 704 2926 quam
747 2880 766 2911 s.
779 2875 869 2911 erant:
882 2862 908 2909 in
919 2861 975 2910 cod.
985 2864 1040 2912 Put.
1055 2875 1112 2924 quer
1121 2859 1179 2923 ipsi,
1194 2869 1218 2906 et
1230 2858 1257 2904 in

194 2951 264 3003 pacta
275 2931 483 2991 confirmarentur,
491 2942 560 2988 Nihil
568 2944 642 3006 igitur
651 2942 705 2991 etti·
748 2941 892 3006 quibusdam
907 2940 970 2989 MSS
985 2955 1059 3003 quam
1071 2939 1130 3003 ipsi,
1145 2935 1258 3001 quodlo-

194 3019 268 3067 nebat
281 3018 313 3066 ad
326 3019 439 3067 obsessos
457 3034 602 3078 memorare,
621 3037 647 3067 se
666 3037 704 3067 re·
748 3036 779 3068 co
790 3023 844 3079 111,
860 3020 906 3078 38,
918 3035 943 3065 n.
957 3035 986 3080 9,
1005 3033 1056 3065 non
1070 3018 1127 3066 satis
1140 3014 1256 3063 firmatur.
1317 3060 1328 3090 ,x

193 3099 280 3146 missos
293 3114 344 3146 esse
357 3115 371 3146 a
383 3099 501 3146 Marcello
513 3098 544 3144 ud
555 3099 702 3157 exercitum,
750 3100 804 3161 Qua
818 3110 842 3146 et
857 3098 904 3162 ipsi
920 3099 990 3159 ctmj.v
1002 3098 1074 3147 Crev.
1091 3105 1115 3143 et
1128 3094 1159 3141 de
1170 3111 1221 3158 qua
1234 3106 1259 3140 er

194 3177 262 3240 quod
268 3193 347 3240 neque
354 3177 444 3224 fectum
451 3187 513 3235 eret,
524 3187 561 3234 et,
571 3176 592 3222 sl
601 3177 704 3224 maxime
748 3176 795 3241 ipsi
804 3178 878 3225 Doer.
888 3179 940 3241 Ego
950 3176 1033 3241 potius
1039 3173 1197 3230 crediderim,
1206 3188 1258 3220 ver-

194 3255 368 3314 factumesset,
379 3271 430 3303 non
437 3266 535 3321 poterat
543 3254 601 3302 inde
609 3254 704 3317 colligi,
748 3256 815 3304 beet
828 3256 1034 3321 inopiamparum
1047 3266 1103 3320 epte
1121 3253 1147 3300 h.
1159 3253 1174 3302 l.
1192 3268 1257 3311 esse,

193 3333 220 3384 id
232 3334 283 3398 agi,
303 3346 331 3383 ut
339 3351 387 3382 uua
397 3337 508 3384 omnium
517 3345 580 3382 esset
593 3333 701 3392 fortuna,
747 3346 772 3383 et
783 3335 819 3383 vel
834 3352 861 3382 ee
875 3335 991 3394 delenda,
1008 3335 1046 3382 vel
1058 3332 1206 3397 legendum:
1227 3331 1257 3377 ab

195 3413 262 3474 quod
274 3413 313 3460 his
328 3413 491 3477 legationibus
510 3413 586 3475 quaeri
599 3410 703 3459 affinna-
748 3413 856 3476 inopiam
878 3431 933 3477 qum
952 3414 999 3478 ipsi
1019 3414 1083 3460 inter
1099 3427 1125 3458 se
1134 3410 1255 3476 siemera,

195 3491 262 3538 banta
268 3480 331 3542 Tuiu
338 3509 416 3555 neque
423 3490 704 3556 opuserut,Murcellum
748 3504 804 3549 etc„
816 3504 846 3541 ut
846 3491 953 3558 fremere
962 3491 1060 3556 aliquid
1068 3494 1119 3548 111,
1134 3491 1180 3546 38,
1191 3504 1217 3534 n.
1225 3502 1256 3549 9,

195 3586 223 3618 ea
233 3569 263 3618 de
270 3571 297 3616 re
306 3571 397 3634 legatos
407 3573 502 3619 mittere
511 3571 543 3619 ed
550 3570 706 3633 Siculos,qni
750 3583 774 3620 et
784 3573 874 3636 passim
890 3588 936 3636 pro
949 3587 956 3619 ι
970 3587 1025 3619 cum
1043 3568 1140 3616 fremitu
1157 3579 1181 3614 et
1192 3582 1257 3614 mur·

195 3648 260 3696 ultro
280 3649 308 3696 ld
331 3661 442 3713 rogatum
465 3650 605 3708 venissent,
627 3665 705 3713 neque
748 3666 816 3700 mure
828 3650 909 3700 dicere
922 3666 950 3696 ac
964 3649 1041 3712 queri.

194 3727 264 3774 illum
276 3726 302 3773 id
313 3728 360 3774 eibi
372 3745 436 3776 curae
451 3728 540 3777 hebere
557 3729 705 3776 conveniens
761 3755 763 3760 >
785 3737 808 3784 t.
828 3726 963 3790 Quamdiu
981 3742 1012 3772 ea
1028 3725 1090 3772 mela
1103 3735 1254 3788 paterentur,

196 3806 313 3864 erat,sed
321 3805 387 3853 solos
392 3809 599 3871 Syracusanorum
609 3809 702 3866 socios,
747 3808 800 3871 peti
813 3807 914 3865 velleut;
926 3807 1041 3853 Doer.—
1049 3804 1181 3852 Caritatem
1188 3804 1257 3867 {yra-

197 3884 356 3949 quierantin
370 3886 461 3941 castris,
474 3909 487 3932 a
624 3896 625 3901 ’
747 3900 904 3940 suranorum,
916 3899 965 3931 nou
974 3883 1069 3940 odiurn,
1081 3881 1258 3942 idest,edver·
1307 3940 1310 3945 .

232 3965 255 4011 3.
280 3962 410 4027 Proeftctos
433 3965 567 4029 Epicydis‚·
591 3965 648 4013 vide
672 3965 704 4012 ed
748 3961 1256 4026 sueeos-Hipp.ueroireteremptopeste3

196 4045 324 4101 XXVIII,
335 4043 381 4100 30,
394 4059 419 4092 n.
430 4058 453 4092 1.
462 4071 496 4082 -·
508 4036 652 4109 Epicydem,
664 4044 705 4095 cui
747 4042 795 4090 nisi
803 4043 850 4106 leg.
860 4040 952 4097 interea
962 4040 1256 4090 montanensem.
