<?xml version="1.0" encoding="UTF-8"?>
<!DOCTYPE html PUBLIC "-//W3C//DTD XHTML 1.0 Transitional//EN"
    "http://www.w3.org/TR/xhtml1/DTD/xhtml1-transitional.dtd">
<html xmlns="http://www.w3.org/1999/xhtml" xml:lang="en" lang="en">
 <head>
  <title>
</title>
<meta http-equiv="Content-Type" content="text/html;charset=utf-8" />
  <meta name='ocr-system' content='tesseract 3.04.00' />
  <meta name='ocr-capabilities' content='ocr_page ocr_carea ocr_par ocr_line ocrx_word'/>
</head>
<body>
  <div class='ocr_page' id='page_1' title='image "./titusliviuspata04freigoog_0325.png"; bbox 0 0 2768 4574; ppageno 0'>
   <div class='ocr_carea' id='block_1_1' title="bbox 160 295 908 377">
    <p class='ocr_par' dir='ltr' id='par_1_1' title="bbox 160 295 908 377">
     <span class='ocr_line' id='line_1_1' title="bbox 160 295 908 377; baseline -0.007 -1"><span class='ocrx_word' id='word_1_1' title='bbox 160 306 232 377; x_wconf 81' lang='lat'><strong>320</strong></span> <span class='ocrx_word' id='word_1_2' title='bbox 592 306 629 373; x_wconf 91' lang='lat' dir='ltr'><strong>T.</strong></span> <span class='ocrx_word' id='word_1_3' title='bbox 664 303 802 374; x_wconf 89' lang='lat' dir='ltr'>LIVII</span> <span class='ocrx_word' id='word_1_4' title='bbox 905 295 908 301; x_wconf 61' lang='grc'><strong>’</strong></span> 
     </span>
    </p>
   </div>
   <div class='ocr_carea' id='block_1_2' title="bbox 116 421 1225 3274">
    <p class='ocr_par' dir='ltr' id='par_1_2' title="bbox 116 421 1225 3274">
     <span class='ocr_line' id='line_1_2' title="bbox 159 421 1221 525; baseline -0.002 -25"><span class='ocrx_word' id='word_1_5' title='bbox 159 443 196 500; x_wconf 85' lang='lat' dir='ltr'><strong>et</strong></span> <span class='ocrx_word' id='word_1_6' title='bbox 218 429 437 525; x_wconf 82' lang='lat' dir='ltr'><strong>quingentos</strong></span> <span class='ocrx_word' id='word_1_7' title='bbox 459 426 543 497; x_wconf 93' lang='lat' dir='ltr'><strong>inde</strong></span> <span class='ocrx_word' id='word_1_8' title='bbox 565 424 677 497; x_wconf 84' lang='lat' dir='ltr'><strong>ferme</strong></span> <span class='ocrx_word' id='word_1_9' title='bbox 700 421 824 523; x_wconf 81' lang='lat' dir='ltr'><strong>passus</strong></span> <span class='ocrx_word' id='word_1_10' title='bbox 846 424 1045 498; x_wconf 80' lang='lat' dir='ltr'><strong>Hasdrubal</strong></span> <span class='ocrx_word' id='word_1_11' title='bbox 1070 425 1221 498; x_wconf 86' lang='lat' dir='ltr'><strong>aberat:</strong></span> 
     </span>
     <span class='ocr_line' id='line_1_3' title="bbox 158 536 1224 635; baseline 0.002 -28"><span class='ocrx_word' id='word_1_12' title='bbox 158 539 282 635; x_wconf 88' lang='lat' dir='ltr'><strong>itaque</strong></span> <span class='ocrx_word' id='word_1_13' title='bbox 309 561 424 634; x_wconf 89' lang='lat' dir='ltr'><strong>quum</strong></span> <span class='ocrx_word' id='word_1_14' title='bbox 444 537 520 631; x_wconf 87' lang='lat' dir='ltr'><strong>jam</strong></span> <span class='ocrx_word' id='word_1_15' title='bbox 540 539 869 633; x_wconf 79' lang='lat' dir='ltr'>appropinquaret,</span> <span class='ocrx_word' id='word_1_16' title='bbox 894 550 1009 606; x_wconf 85' lang='lat' dir='ltr'><strong>tectus</strong></span> <span class='ocrx_word' id='word_1_17' title='bbox 1031 536 1224 609; x_wconf 90' lang='lat' dir='ltr'><strong>montibus</strong></span> 
     </span>
     <span class='ocr_line' id='line_1_4' title="bbox 159 645 1221 742; baseline 0 -23"><span class='ocrx_word' id='word_1_18' title='bbox 159 647 318 720; x_wconf 87' lang='lat' dir='ltr'><strong>substitit</strong></span> <span class='ocrx_word' id='word_1_19' title='bbox 339 650 456 735; x_wconf 84' lang='lat' dir='ltr'><strong>Nem,</strong></span> <span class='ocrx_word' id='word_1_20' title='bbox 479 671 527 717; x_wconf 89' lang='lat' dir='ltr'><strong>ne</strong></span> <span class='ocrx_word' id='word_1_21' title='bbox 550 661 632 716; x_wconf 86' lang='lat' dir='ltr'><strong>ante</strong></span> <span class='ocrx_word' id='word_1_22' title='bbox 655 660 801 716; x_wconf 89' lang='lat' dir='ltr'><strong>noctem</strong></span> <span class='ocrx_word' id='word_1_23' title='bbox 822 658 934 715; x_wconf 90' lang='lat' dir='ltr'><strong>castra</strong></span> <span class='ocrx_word' id='word_1_24' title='bbox 957 645 1221 742; x_wconf 78' lang='lat' dir='ltr'><strong>ingrederetur.</strong></span> 
     </span>
     <span class='ocr_line' id='line_1_5' title="bbox 159 752 1224 854; baseline -0.003 -23"><span class='ocrx_word' id='word_1_25' title='bbox 159 759 307 831; x_wconf 88' lang='lat' dir='ltr'><strong>Silentio</strong></span> <span class='ocrx_word' id='word_1_26' title='bbox 322 759 488 854; x_wconf 86' lang='lat' dir='ltr'><strong>ingressi,</strong></span> <span class='ocrx_word' id='word_1_27' title='bbox 504 757 549 828; x_wconf 92' lang='lat' dir='ltr'><strong>ab</strong></span> <span class='ocrx_word' id='word_1_28' title='bbox 565 759 619 828; x_wconf 88' lang='lat' dir='ltr'><strong>sui</strong></span> <span class='ocrx_word' id='word_1_29' title='bbox 632 758 786 853; x_wconf 89' lang='lat' dir='ltr'><strong>quisque</strong></span> <span class='ocrx_word' id='word_1_30' title='bbox 805 755 941 826; x_wconf 85' lang='lat' dir='ltr'><strong>ordinis</strong></span> <span class='ocrx_word' id='word_1_31' title='bbox 957 752 1166 837; x_wconf 81' lang='lat' dir='ltr'><strong>hominibus</strong></span> <span class='ocrx_word' id='word_1_32' title='bbox 1180 759 1224 828; x_wconf 91' lang='lat' dir='ltr'><strong>in</strong></span> 
     </span>
     <span class='ocr_line' id='line_1_6' title="bbox 159 864 1222 963; baseline -0.001 -26"><span class='ocrx_word' id='word_1_33' title='bbox 159 868 313 937; x_wconf 81' lang='lat' dir='ltr'><strong>tentoria</strong></span> <span class='ocrx_word' id='word_1_34' title='bbox 329 866 508 952; x_wconf 65' lang='lat' dir='ltr'><strong>abducffl,</strong></span> <span class='ocrx_word' id='word_1_35' title='bbox 526 890 609 936; x_wconf 90' lang='lat' dir='ltr'><strong>cum</strong></span> <span class='ocrx_word' id='word_1_36' title='bbox 624 890 762 936; x_wconf 82' lang='lat' dir='ltr'><strong>summa</strong></span> <span class='ocrx_word' id='word_1_37' title='bbox 781 866 944 935; x_wconf 89' lang='lat' dir='ltr'><strong>omnium</strong></span> <span class='ocrx_word' id='word_1_38' title='bbox 960 864 1077 935; x_wconf 87' lang='lat' dir='ltr'><strong>laetitia</strong></span> <span class='ocrx_word' id='word_1_39' title='bbox 1095 865 1222 963; x_wconf 86' lang='lat' dir='ltr'><strong>hospi-</strong></span> 
     </span>
     <span class='ocr_line' id='line_1_7' title="bbox 158 974 1222 1073; baseline 0 -28"><span class='ocrx_word' id='word_1_40' title='bbox 158 975 277 1046; x_wconf 80' lang='lat' dir='ltr'><strong>taliter</strong></span> <span class='ocrx_word' id='word_1_41' title='bbox 296 977 537 1073; x_wconf 84' lang='lat' dir='ltr'><strong>excipiuntur.</strong></span> <span class='ocrx_word' id='word_1_42' title='bbox 561 980 709 1046; x_wconf 89' lang='lat' dir='ltr'><strong>Postero</strong></span> <span class='ocrx_word' id='word_1_43' title='bbox 732 974 790 1046; x_wconf 91' lang='lat' dir='ltr'><strong>die</strong></span> <span class='ocrx_word' id='word_1_44' title='bbox 818 975 1008 1045; x_wconf 88' lang='lat' dir='ltr'><strong>consilium</strong></span> <span class='ocrx_word' id='word_1_45' title='bbox 1032 975 1222 1064; x_wconf 72' lang='lat' dir='ltr'><strong>habitum,</strong></span> 
     </span>
     <span class='ocr_line' id='line_1_8' title="bbox 159 1081 1223 1181; baseline 0 -25"><span class='ocrx_word' id='word_1_46' title='bbox 159 1086 218 1156; x_wconf 90' lang='lat' dir='ltr'><strong>cui</strong></span> <span class='ocrx_word' id='word_1_47' title='bbox 241 1100 277 1156; x_wconf 91' lang='lat' dir='ltr'><strong>et</strong></span> <span class='ocrx_word' id='word_1_48' title='bbox 298 1092 337 1156; x_wconf 93' lang='lat' dir='ltr'><strong>L.</strong></span> <span class='ocrx_word' id='word_1_49' title='bbox 354 1087 500 1156; x_wconf 90' lang='lat' dir='ltr'><strong>Porcius</strong></span> <span class='ocrx_word' id='word_1_50' title='bbox 519 1087 665 1155; x_wconf 87' lang='lat' dir='ltr'><strong>Licinus</strong></span> <span class='ocrx_word' id='word_1_51' title='bbox 691 1081 823 1181; x_wconf 76' lang='lat' dir='ltr'><strong>pra&#39;etor</strong></span> <span class='ocrx_word' id='word_1_52' title='bbox 848 1083 972 1155; x_wconf 84' lang='lat' dir='ltr'><strong>adfuit.</strong></span> <span class='ocrx_word' id='word_1_53' title='bbox 994 1089 1114 1156; x_wconf 88' lang='lat' dir='ltr'><strong>Castra</strong></span> <span class='ocrx_word' id='word_1_54' title='bbox 1130 1086 1223 1180; x_wconf 87' lang='lat' dir='ltr'><strong>jun-</strong></span> 
     </span>
     <span class='ocr_line' id='line_1_9' title="bbox 160 1193 1223 1281; baseline 0 -15"><span class='ocrx_word' id='word_1_55' title='bbox 160 1210 216 1266; x_wconf 86' lang='lat' dir='ltr'><strong>cta</strong></span> <span class='ocrx_word' id='word_1_56' title='bbox 256 1195 447 1266; x_wconf 90' lang='lat' dir='ltr'><strong>consulum</strong></span> <span class='ocrx_word' id='word_1_57' title='bbox 481 1196 603 1267; x_wconf 87' lang='lat' dir='ltr'><strong>castris</strong></span> <span class='ocrx_word' id='word_1_58' title='bbox 635 1193 812 1281; x_wconf 85' lang='lat' dir='ltr'><strong>habebat,</strong></span> <span class='ocrx_word' id='word_1_59' title='bbox 841 1208 876 1264; x_wconf 90' lang='lat' dir='ltr'><strong>et</strong></span> <span class='ocrx_word' id='word_1_60' title='bbox 910 1209 993 1265; x_wconf 88' lang='lat' dir='ltr'><strong>ante</strong></span> <span class='ocrx_word' id='word_1_61' title='bbox 1023 1195 1223 1266; x_wconf 87' lang='lat' dir='ltr'><strong>adventum</strong></span> 
     </span>
     <span class='ocr_line' id='line_1_10' title="bbox 159 1303 1223 1403; baseline -0.001 -26"><span class='ocrx_word' id='word_1_62' title='bbox 159 1331 305 1393; x_wconf 86' lang='lat' dir='ltr'><strong>eorum,</strong></span> <span class='ocrx_word' id='word_1_63' title='bbox 340 1330 405 1403; x_wconf 86' lang='lat' dir='ltr'><strong>per</strong></span> <span class='ocrx_word' id='word_1_64' title='bbox 437 1305 515 1376; x_wconf 87' lang='lat' dir='ltr'><strong>loca</strong></span> <span class='ocrx_word' id='word_1_65' title='bbox 552 1305 620 1375; x_wconf 88' lang='lat' dir='ltr'><strong>alta</strong></span> <span class='ocrx_word' id='word_1_66' title='bbox 655 1303 821 1375; x_wconf 89' lang='lat' dir='ltr'><strong>ducendo</strong></span> <span class='ocrx_word' id='word_1_67' title='bbox 853 1304 1074 1390; x_wconf 83' lang='lat' dir='ltr'><strong>exercitum,</strong></span> <span class='ocrx_word' id='word_1_68' title='bbox 1102 1328 1223 1401; x_wconf 89' lang='lat' dir='ltr'><strong>quum</strong></span> 
     </span>
     <span class='ocr_line' id='line_1_11' title="bbox 159 1412 1223 1512; baseline -0.002 -25"><span class='ocrx_word' id='word_1_69' title='bbox 159 1416 270 1487; x_wconf 87' lang='lat' dir='ltr'><strong>modo</strong></span> <span class='ocrx_word' id='word_1_70' title='bbox 294 1413 465 1486; x_wconf 90' lang='lat' dir='ltr'><strong>insideret</strong></span> <span class='ocrx_word' id='word_1_71' title='bbox 491 1429 662 1512; x_wconf 85' lang='lat' dir='ltr'><strong>angustos</strong></span> <span class='ocrx_word' id='word_1_72' title='bbox 684 1414 814 1499; x_wconf 83' lang='lat' dir='ltr'><strong>saltus,</strong></span> <span class='ocrx_word' id='word_1_73' title='bbox 840 1425 881 1483; x_wconf 91' lang='lat' dir='ltr'><strong>ut</strong></span> <span class='ocrx_word' id='word_1_74' title='bbox 908 1412 1099 1483; x_wconf 87' lang='lat' dir='ltr'><strong>transitum</strong></span> <span class='ocrx_word' id='word_1_75' title='bbox 1122 1412 1223 1485; x_wconf 82' lang='lat' dir='ltr'><strong>clau·</strong></span> 
     </span>
     <span class='ocr_line' id='line_1_12' title="bbox 116 1504 1221 1625; baseline -0.003 -28"><span class='ocrx_word' id='word_1_76' title='bbox 116 1620 119 1625; x_wconf 18' lang='grc' dir='ltr'>Ι</span> <span class='ocrx_word' id='word_1_77' title='bbox 159 1523 282 1611; x_wconf 88' lang='lat' dir='ltr'><strong>deret,</strong></span> <span class='ocrx_word' id='word_1_78' title='bbox 303 1504 414 1596; x_wconf 90' lang='lat' dir='ltr'><strong>modo</strong></span> <span class='ocrx_word' id='word_1_79' title='bbox 434 1524 479 1596; x_wconf 86' lang='lat' dir='ltr'><strong>ab</strong></span> <span class='ocrx_word' id='word_1_80' title='bbox 501 1526 610 1595; x_wconf 89' lang='lat' dir='ltr'><strong>latere</strong></span> <span class='ocrx_word' id='word_1_81' title='bbox 630 1540 692 1595; x_wconf 90' lang='lat' dir='ltr'><strong>aut</strong></span> <span class='ocrx_word' id='word_1_82' title='bbox 710 1522 755 1595; x_wconf 89' lang='lat' dir='ltr'><strong>ab</strong></span> <span class='ocrx_word' id='word_1_83' title='bbox 772 1537 873 1619; x_wconf 84' lang='lat' dir='ltr'><strong>tergo</strong></span> <span class='ocrx_word' id='word_1_84' title='bbox 889 1537 1052 1620; x_wconf 88' lang='lat' dir='ltr'><strong>carperet</strong></span> <span class='ocrx_word' id='word_1_85' title='bbox 1069 1546 1221 1621; x_wconf 83' lang='lat' dir='ltr'><strong>agmen,</strong></span> 
     </span>
     <span class='ocr_line' id='line_1_13' title="bbox 159 1630 1222 1707; baseline -0.002 -1"><span class='ocrx_word' id='word_1_86' title='bbox 159 1633 362 1707; x_wconf 86' lang='lat' dir='ltr'><strong>ludificatus</strong></span> <span class='ocrx_word' id='word_1_87' title='bbox 383 1635 525 1706; x_wconf 90' lang='lat' dir='ltr'><strong>hostem</strong></span> <span class='ocrx_word' id='word_1_88' title='bbox 554 1633 725 1705; x_wconf 89' lang='lat' dir='ltr'><strong>omnibus</strong></span> <span class='ocrx_word' id='word_1_89' title='bbox 750 1632 887 1704; x_wconf 87' lang='lat' dir='ltr'><strong>artibus</strong></span> <span class='ocrx_word' id='word_1_90' title='bbox 913 1632 1000 1703; x_wconf 88' lang='lat' dir='ltr'><strong>belli</strong></span> <span class='ocrx_word' id='word_1_91' title='bbox 1025 1630 1166 1704; x_wconf 81' lang='lat' dir='ltr'><strong>fuerat:</strong></span> <span class='ocrx_word' id='word_1_92' title='bbox 1192 1636 1222 1704; x_wconf 91' lang='lat' dir='ltr'><strong>is</strong></span> 
     </span>
     <span class='ocr_line' id='line_1_14' title="bbox 158 1744 1222 1817; baseline -0.001 -1"><span class='ocrx_word' id='word_1_93' title='bbox 158 1760 236 1817; x_wconf 89' lang='lat' dir='ltr'><strong>tum</strong></span> <span class='ocrx_word' id='word_1_94' title='bbox 257 1748 296 1816; x_wconf 92' lang='lat' dir='ltr'><strong>in</strong></span> <span class='ocrx_word' id='word_1_95' title='bbox 322 1747 473 1817; x_wconf 88' lang='lat' dir='ltr'><strong>consilio</strong></span> <span class='ocrx_word' id='word_1_96' title='bbox 497 1745 628 1816; x_wconf 83' lang='lat' dir='ltr'><strong>aderat.</strong></span> <span class='ocrx_word' id='word_1_97' title='bbox 650 1744 849 1816; x_wconf 88' lang='lat' dir='ltr'><strong>Multorum</strong></span> <span class='ocrx_word' id='word_1_98' title='bbox 875 1768 919 1813; x_wconf 91' lang='lat' dir='ltr'><strong>eo</strong></span> <span class='ocrx_word' id='word_1_99' title='bbox 944 1744 1117 1813; x_wconf 87' lang='lat' dir='ltr'><strong>inclinant</strong></span> <span class='ocrx_word' id='word_1_100' title='bbox 1135 1769 1222 1815; x_wconf 84' lang='lat' dir='ltr'><strong>sen·</strong></span> 
     </span>
     <span class='ocr_line' id='line_1_15' title="bbox 160 1851 1222 1952; baseline -0.001 -27"><span class='ocrx_word' id='word_1_101' title='bbox 160 1859 302 1941; x_wconf 80' lang='lat' dir='ltr'><strong>tentiae,</strong></span> <span class='ocrx_word' id='word_1_102' title='bbox 329 1871 392 1943; x_wconf 90' lang='lat' dir='ltr'><strong>ut,</strong></span> <span class='ocrx_word' id='word_1_103' title='bbox 418 1856 505 1924; x_wconf 91' lang='lat' dir='ltr'><strong>dum</strong></span> <span class='ocrx_word' id='word_1_104' title='bbox 533 1853 665 1926; x_wconf 83' lang='lat' dir='ltr'><strong>fessum</strong></span> <span class='ocrx_word' id='word_1_105' title='bbox 690 1857 746 1926; x_wconf 89' lang='lat' dir='ltr'><strong>via</strong></span> <span class='ocrx_word' id='word_1_106' title='bbox 767 1881 808 1926; x_wconf 90' lang='lat' dir='ltr'><strong>ac</strong></span> <span class='ocrx_word' id='word_1_107' title='bbox 827 1854 952 1952; x_wconf 82' lang='lat' dir='ltr'><strong>vigiliis</strong></span> <span class='ocrx_word' id='word_1_108' title='bbox 972 1851 1136 1925; x_wconf 83' lang='lat' dir='ltr'><strong>reficeret</strong></span> <span class='ocrx_word' id='word_1_109' title='bbox 1155 1857 1222 1924; x_wconf 87' lang='lat' dir='ltr'><strong>mi-</strong></span> 
     </span>
     <span class='ocr_line' id='line_1_16' title="bbox 158 1965 1222 2062; baseline 0.002 -27"><span class='ocrx_word' id='word_1_110' title='bbox 158 1966 257 2037; x_wconf 89' lang='lat' dir='ltr'><strong>litem</strong></span> <span class='ocrx_word' id='word_1_111' title='bbox 274 1970 389 2047; x_wconf 78' lang='lat' dir='ltr'><strong>Nem,</strong></span> <span class='ocrx_word' id='word_1_112' title='bbox 412 1966 518 2035; x_wconf 91' lang='lat' dir='ltr'><strong>simul</strong></span> <span class='ocrx_word' id='word_1_113' title='bbox 540 1979 575 2036; x_wconf 85' lang='lat' dir='ltr'><strong>et</strong></span> <span class='ocrx_word' id='word_1_114' title='bbox 600 1966 645 2035; x_wconf 90' lang='lat' dir='ltr'><strong>ad</strong></span> <span class='ocrx_word' id='word_1_115' title='bbox 672 1965 894 2037; x_wconf 88' lang='lat' dir='ltr'><strong>noscendum</strong></span> <span class='ocrx_word' id='word_1_116' title='bbox 917 1965 1057 2036; x_wconf 90' lang='lat' dir='ltr'><strong>hostem</strong></span> <span class='ocrx_word' id='word_1_117' title='bbox 1082 1988 1222 2062; x_wconf 88' lang='lat' dir='ltr'><strong>paucos</strong></span> 
     </span>
     <span class='ocr_line' id='line_1_17' title="bbox 159 2072 1222 2174; baseline 0.003 -29"><span class='ocrx_word' id='word_1_118' title='bbox 159 2072 227 2145; x_wconf 90' lang='lat' dir='ltr'><strong>sibi</strong></span> <span class='ocrx_word' id='word_1_119' title='bbox 247 2088 406 2145; x_wconf 88' lang='lat' dir='ltr'><strong>sumeret</strong></span> <span class='ocrx_word' id='word_1_120' title='bbox 434 2074 530 2161; x_wconf 84' lang='lat' dir='ltr'><strong>dies,</strong></span> <span class='ocrx_word' id='word_1_121' title='bbox 556 2090 699 2172; x_wconf 93' lang='lat' dir='ltr'><strong>tempus</strong></span> <span class='ocrx_word' id='word_1_122' title='bbox 723 2100 854 2174; x_wconf 84' lang='lat' dir='ltr'><strong>pugnae</strong></span> <span class='ocrx_word' id='word_1_123' title='bbox 876 2072 1090 2145; x_wconf 85' lang='lat' dir='ltr'><strong>differretur.</strong></span> <span class='ocrx_word' id='word_1_124' title='bbox 1120 2079 1222 2148; x_wconf 87' lang='lat' dir='ltr'><strong>Nero</strong></span> 
     </span>
     <span class='ocr_line' id='line_1_18' title="bbox 158 2183 1223 2281; baseline 0.002 -28"><span class='ocrx_word' id='word_1_125' title='bbox 158 2208 234 2254; x_wconf 90' lang='lat' dir='ltr'><strong>non</strong></span> <span class='ocrx_word' id='word_1_126' title='bbox 255 2183 405 2254; x_wconf 89' lang='lat' dir='ltr'><strong>suadere</strong></span> <span class='ocrx_word' id='word_1_127' title='bbox 428 2184 537 2255; x_wconf 91' lang='lat' dir='ltr'><strong>modo</strong></span> <span class='ocrx_word' id='word_1_128' title='bbox 549 2239 558 2273; x_wconf 89' lang='lat'>‚</span> <span class='ocrx_word' id='word_1_129' title='bbox 572 2185 634 2256; x_wconf 90' lang='lat' dir='ltr'><strong>sed</strong></span> <span class='ocrx_word' id='word_1_130' title='bbox 649 2210 788 2256; x_wconf 88' lang='lat' dir='ltr'><strong>summa</strong></span> <span class='ocrx_word' id='word_1_131' title='bbox 804 2209 874 2281; x_wconf 91' lang='lat' dir='ltr'><strong>ope</strong></span> <span class='ocrx_word' id='word_1_132' title='bbox 891 2208 993 2254; x_wconf 88' lang='lat' dir='ltr'><strong>orare</strong></span> <span class='ocrx_word' id='word_1_133' title='bbox 1009 2183 1153 2269; x_wconf 89' lang='lat' dir='ltr'><strong>institit,</strong></span> <span class='ocrx_word' id='word_1_134' title='bbox 1174 2184 1223 2255; x_wconf 87' lang='lat' dir='ltr'><strong>ne</strong></span> 
     </span>
     <span class='ocr_line' id='line_1_19' title="bbox 158 2293 1220 2392; baseline 0.002 -29"><span class='ocrx_word' id='word_1_135' title='bbox 158 2293 345 2363; x_wconf 88' lang='lat' dir='ltr'><strong>consilium</strong></span> <span class='ocrx_word' id='word_1_136' title='bbox 362 2319 483 2381; x_wconf 90' lang='lat' dir='ltr'><strong>suum,</strong></span> <span class='ocrx_word' id='word_1_137' title='bbox 505 2296 607 2392; x_wconf 90' lang='lat' dir='ltr'><strong>quod</strong></span> <span class='ocrx_word' id='word_1_138' title='bbox 625 2311 741 2364; x_wconf 90' lang='lat' dir='ltr'><strong>tutum</strong></span> <span class='ocrx_word' id='word_1_139' title='bbox 756 2294 915 2365; x_wconf 82' lang='lat' dir='ltr'><strong>celeritas</strong></span> <span class='ocrx_word' id='word_1_140' title='bbox 925 2299 1089 2383; x_wconf 72' lang='lat' dir='ltr'><strong>jecisset,</strong></span> <span class='ocrx_word' id='word_1_141' title='bbox 1107 2309 1220 2365; x_wconf 89' lang='lat' dir='ltr'><strong>teme·</strong></span> 
     </span>
     <span class='ocr_line' id='line_1_20' title="bbox 157 2405 1223 2500; baseline 0.005 -30"><span class='ocrx_word' id='word_1_142' title='bbox 157 2408 294 2472; x_wconf 77' lang='lat' dir='ltr'><strong>tarium</strong></span> <span class='ocrx_word' id='word_1_143' title='bbox 313 2405 490 2474; x_wconf 87' lang='lat' dir='ltr'><strong>morando</strong></span> <span class='ocrx_word' id='word_1_144' title='bbox 497 2408 677 2495; x_wconf 87' lang='lat' dir='ltr'><strong>facerent.</strong></span> <span class='ocrx_word' id='word_1_145' title='bbox 691 2410 825 2475; x_wconf 87' lang='lat' dir='ltr'><strong>Errare</strong></span> <span class='ocrx_word' id='word_1_146' title='bbox 842 2407 929 2500; x_wconf 87' lang='lat' dir='ltr'><strong>(qui</strong></span> <span class='ocrx_word' id='word_1_147' title='bbox 940 2429 1014 2474; x_wconf 89' lang='lat' dir='ltr'><strong>non</strong></span> <span class='ocrx_word' id='word_1_148' title='bbox 1028 2405 1223 2475; x_wconf 90' lang='lat' dir='ltr'><strong>diuturnus</strong></span> 
     </span>
     <span class='ocr_line' id='line_1_21' title="bbox 145 2513 1224 2613; baseline 0.004 -31"><span class='ocrx_word' id='word_1_149' title='bbox 145 2513 299 2602; x_wconf 85' lang='lat' dir='ltr'><strong>futurus</strong></span> <span class='ocrx_word' id='word_1_150' title='bbox 319 2518 432 2606; x_wconf 86' lang='lat' dir='ltr'><strong>esset)</strong></span> <span class='ocrx_word' id='word_1_151' title='bbox 455 2514 557 2585; x_wconf 84' lang='lat' dir='ltr'><strong>velut</strong></span> <span class='ocrx_word' id='word_1_152' title='bbox 576 2532 773 2613; x_wconf 84' lang='lat' dir='ltr'><strong>torpentem</strong></span> <span class='ocrx_word' id='word_1_153' title='bbox 794 2515 1041 2586; x_wconf 88' lang='lat' dir='ltr'><strong>Hannibalem</strong></span> <span class='ocrx_word' id='word_1_154' title='bbox 1065 2541 1131 2585; x_wconf 88' lang='lat' dir='ltr'><strong>nec</strong></span> <span class='ocrx_word' id='word_1_155' title='bbox 1156 2542 1224 2586; x_wconf 90' lang='lat' dir='ltr'><strong>ca-</strong></span> 
     </span>
     <span class='ocr_line' id='line_1_22' title="bbox 156 2621 1223 2721; baseline 0.005 -30"><span class='ocrx_word' id='word_1_156' title='bbox 156 2638 231 2692; x_wconf 88' lang='lat' dir='ltr'><strong>stra</strong></span> <span class='ocrx_word' id='word_1_157' title='bbox 255 2648 324 2694; x_wconf 92' lang='lat' dir='ltr'><strong>sua</strong></span> <span class='ocrx_word' id='word_1_158' title='bbox 347 2630 425 2694; x_wconf 87' lang='lat' dir='ltr'><strong>sine</strong></span> <span class='ocrx_word' id='word_1_159' title='bbox 447 2626 538 2694; x_wconf 89' lang='lat' dir='ltr'><strong>duce</strong></span> <span class='ocrx_word' id='word_1_160' title='bbox 556 2623 678 2694; x_wconf 88' lang='lat' dir='ltr'><strong>relicta</strong></span> <span class='ocrx_word' id='word_1_161' title='bbox 704 2626 854 2721; x_wconf 77' lang='lat' dir='ltr'><strong>aggredi</strong></span> <span class='ocrx_word' id='word_1_162' title='bbox 859 2621 883 2711; x_wconf 75' lang='lat'><strong>5,</strong></span> <span class='ocrx_word' id='word_1_163' title='bbox 907 2651 972 2696; x_wconf 87' lang='lat' dir='ltr'><strong>nec</strong></span> <span class='ocrx_word' id='word_1_164' title='bbox 991 2625 1045 2695; x_wconf 89' lang='lat' dir='ltr'><strong>ad</strong></span> <span class='ocrx_word' id='word_1_165' title='bbox 1063 2649 1223 2721; x_wconf 86' lang='lat' dir='ltr'><strong>sequen-</strong></span> 
     </span>
     <span class='ocr_line' id='line_1_23' title="bbox 157 2733 1225 2832; baseline 0.004 -29"><span class='ocrx_word' id='word_1_166' title='bbox 157 2733 245 2803; x_wconf 89' lang='lat' dir='ltr'><strong>dum</strong></span> <span class='ocrx_word' id='word_1_167' title='bbox 262 2759 301 2804; x_wconf 90' lang='lat' dir='ltr'><strong>se</strong></span> <span class='ocrx_word' id='word_1_168' title='bbox 319 2742 386 2805; x_wconf 85' lang='lat' dir='ltr'><strong>iter</strong></span> <span class='ocrx_word' id='word_1_169' title='bbox 402 2736 605 2805; x_wconf 82' lang='lat' dir='ltr'><strong>intendisse.</strong></span> <span class='ocrx_word' id='word_1_170' title='bbox 632 2739 843 2832; x_wconf 82' lang='lat' dir='ltr'><strong>Antequam</strong></span> <span class='ocrx_word' id='word_1_171' title='bbox 864 2761 904 2806; x_wconf 87' lang='lat' dir='ltr'><strong>se</strong></span> <span class='ocrx_word' id='word_1_172' title='bbox 925 2734 1089 2822; x_wconf 70' lang='lat' dir='ltr'><strong>moveat,&#39;</strong></span> <span class='ocrx_word' id='word_1_173' title='bbox 1107 2736 1225 2807; x_wconf 86' lang='lat' dir='ltr'><strong>deleri</strong></span> 
     </span>
     <span class='ocr_line' id='line_1_24' title="bbox 157 2842 1221 2943; baseline 0.004 -32"><span class='ocrx_word' id='word_1_174' title='bbox 157 2849 351 2912; x_wconf 75' lang='lat' dir='ltr'><strong>exercitum</strong></span> <span class='ocrx_word' id='word_1_175' title='bbox 370 2842 613 2915; x_wconf 79' lang='lat' dir='ltr'><strong>Hasdrubalis</strong></span> <span class='ocrx_word' id='word_1_176' title='bbox 626 2870 754 2941; x_wconf 84' lang='lat' dir='ltr'><strong>posse,</strong></span> <span class='ocrx_word' id='word_1_177' title='bbox 776 2846 957 2942; x_wconf 84' lang='lat' dir='ltr'><strong>redirique</strong></span> <span class='ocrx_word' id='word_1_178' title='bbox 973 2852 1010 2914; x_wconf 90' lang='lat' dir='ltr'><strong>in</strong></span> <span class='ocrx_word' id='word_1_179' title='bbox 1027 2844 1221 2943; x_wconf 82' lang='lat' dir='ltr'><strong>Apuliam.</strong></span> 
     </span>
     <span class='ocr_line' id='line_1_25' title="bbox 160 2949 1223 3052; baseline 0.003 -30"><span class='ocrx_word' id='word_1_180' title='bbox 160 2949 463 3050; x_wconf 80' lang='lat' dir='ltr'><strong>Quiprolatando</strong></span> <span class='ocrx_word' id='word_1_181' title='bbox 482 2960 639 3052; x_wconf 68' lang='lat' dir='ltr'><strong>spiatium</strong></span> <span class='ocrx_word' id='word_1_182' title='bbox 658 2955 754 3024; x_wconf 80' lang='lat' dir='ltr'><strong>hosti</strong></span> <span class='ocrx_word' id='word_1_183' title='bbox 773 2955 849 3042; x_wconf 88' lang='lat' dir='ltr'><strong>det,</strong></span> <span class='ocrx_word' id='word_1_184' title='bbox 866 2981 949 3025; x_wconf 86' lang='lat' dir='ltr'><strong>eum</strong></span> <span class='ocrx_word' id='word_1_185' title='bbox 965 2972 1002 3025; x_wconf 89' lang='lat' dir='ltr'><strong>et</strong></span> <span class='ocrx_word' id='word_1_186' title='bbox 1016 2954 1078 3025; x_wconf 92' lang='lat' dir='ltr'><strong>illa</strong></span> <span class='ocrx_word' id='word_1_187' title='bbox 1099 2972 1223 3026; x_wconf 91' lang='lat' dir='ltr'><strong>castra</strong></span> 
     </span>
     <span class='ocr_line' id='line_1_26' title="bbox 148 3061 1223 3162; baseline 0.005 -32"><span class='ocrx_word' id='word_1_188' title='bbox 148 3063 307 3158; x_wconf 86' lang='lat' dir='ltr'><strong>prodere</strong></span> <span class='ocrx_word' id='word_1_189' title='bbox 320 3061 539 3149; x_wconf 83' lang='lat' dir='ltr'><strong>Hannibali,</strong></span> <span class='ocrx_word' id='word_1_190' title='bbox 559 3079 595 3133; x_wconf 88' lang='lat' dir='ltr'><strong>et</strong></span> <span class='ocrx_word' id='word_1_191' title='bbox 614 3071 754 3161; x_wconf 85' lang='lat' dir='ltr'><strong>aperire</strong></span> <span class='ocrx_word' id='word_1_192' title='bbox 771 3071 808 3134; x_wconf 88' lang='lat' dir='ltr'><strong>in</strong></span> <span class='ocrx_word' id='word_1_193' title='bbox 827 3064 985 3135; x_wconf 88' lang='lat' dir='ltr'><strong>Galliam</strong></span> <span class='ocrx_word' id='word_1_194' title='bbox 1000 3073 1081 3151; x_wconf 86' lang='lat' dir='ltr'><strong>iter,</strong></span> <span class='ocrx_word' id='word_1_195' title='bbox 1098 3080 1140 3134; x_wconf 93' lang='lat' dir='ltr'><strong>ut</strong></span> <span class='ocrx_word' id='word_1_196' title='bbox 1144 3092 1223 3162; x_wconf 86' lang='lat' dir='ltr'><strong>per</strong></span> 
     </span>
     <span class='ocr_line' id='line_1_27' title="bbox 157 3170 1222 3274; baseline 0.007 -33"><span class='ocrx_word' id='word_1_197' title='bbox 157 3178 287 3259; x_wconf 86' lang='lat' dir='ltr'><strong>otium,</strong></span> <span class='ocrx_word' id='word_1_198' title='bbox 306 3172 371 3241; x_wconf 89' lang='lat' dir='ltr'><strong>ubi</strong></span> <span class='ocrx_word' id='word_1_199' title='bbox 387 3170 488 3260; x_wconf 84' lang='lat' dir='ltr'><strong>velit,</strong></span> <span class='ocrx_word' id='word_1_200' title='bbox 507 3174 735 3244; x_wconf 86' lang='lat' dir='ltr'><strong>Hasdrubali</strong></span> <span class='ocrx_word' id='word_1_201' title='bbox 755 3178 1004 3271; x_wconf 81' lang='lat' dir='ltr'><strong>conjungatur.</strong></span> <span class='ocrx_word' id='word_1_202' title='bbox 1019 3176 1222 3274; x_wconf 81' lang='lat' dir='ltr'><strong>Extemplo</strong></span> 
     </span>
    </p>
   </div>
   <div class='ocr_carea' id='block_1_3' title="bbox 155 3405 1226 4026">
    <p class='ocr_par' dir='ltr' id='par_1_3' title="bbox 156 3405 1226 3630">
     <span class='ocr_line' id='line_1_28' title="bbox 192 3405 1224 3473; baseline 0.007 -19"><span class='ocrx_word' id='word_1_203' title='bbox 192 3405 321 3463; x_wconf 54' lang='lat' dir='ltr'><strong>addentia</strong></span> <span class='ocrx_word' id='word_1_204' title='bbox 329 3407 435 3472; x_wconf 78' lang='lat' dir='ltr'><strong>ingressi,</strong></span> <span class='ocrx_word' id='word_1_205' title='bbox 444 3410 545 3473; x_wconf 82' lang='lat' dir='ltr'><strong>quisque</strong></span> <span class='ocrx_word' id='word_1_206' title='bbox 551 3411 664 3468; x_wconf 82' lang='lat' dir='ltr'><strong>abducti;</strong></span> <span class='ocrx_word' id='word_1_207' title='bbox 709 3410 782 3457; x_wconf 86' lang='lat' dir='ltr'><strong>verba</strong></span> <span class='ocrx_word' id='word_1_208' title='bbox 798 3421 855 3457; x_wconf 81' lang='lat' dir='ltr'><strong>sunt</strong></span> <span class='ocrx_word' id='word_1_209' title='bbox 870 3410 971 3473; x_wconf 77' lang='lat' dir='ltr'><strong>indigna</strong></span> <span class='ocrx_word' id='word_1_210' title='bbox 986 3411 1085 3458; x_wconf 84' lang='lat' dir='ltr'><strong>Nerone</strong></span> <span class='ocrx_word' id='word_1_211' title='bbox 1102 3411 1224 3473; x_wconf 74' lang='lat' dir='ltr'><strong>contule,</strong></span> 
     </span>
     <span class='ocr_line' id='line_1_29' title="bbox 156 3484 1226 3552; baseline 0.007 -19"><span class='ocrx_word' id='word_1_212' title='bbox 156 3485 213 3533; x_wconf 81' lang='lat' dir='ltr'><strong>vide</strong></span> <span class='ocrx_word' id='word_1_213' title='bbox 221 3500 294 3549; x_wconf 80' lang='lat' dir='ltr'><strong>supra</strong></span> <span class='ocrx_word' id='word_1_214' title='bbox 302 3484 333 3531; x_wconf 89' lang='lat' dir='ltr'><strong>ad</strong></span> <span class='ocrx_word' id='word_1_215' title='bbox 343 3488 367 3544; x_wconf 92' lang='lat'><strong>1,</strong></span> <span class='ocrx_word' id='word_1_216' title='bbox 382 3486 427 3548; x_wconf 83' lang='lat'><strong>59,</strong></span> <span class='ocrx_word' id='word_1_217' title='bbox 440 3505 466 3536; x_wconf 86' lang='lat' dir='ltr'><strong>n.</strong></span> <span class='ocrx_word' id='word_1_218' title='bbox 476 3489 499 3536; x_wconf 83' lang='grc'><strong>3.</strong></span> <span class='ocrx_word' id='word_1_219' title='bbox 509 3515 541 3524; x_wconf 90' lang='lat'><strong>·-</strong></span> <span class='ocrx_word' id='word_1_220' title='bbox 550 3489 667 3552; x_wconf 82' lang='lat' dir='ltr'><strong>Carperet</strong></span> <span class='ocrx_word' id='word_1_221' title='bbox 709 3500 751 3546; x_wconf 90' lang='lat' dir='ltr'><strong>ut,</strong></span> <span class='ocrx_word' id='word_1_222' title='bbox 763 3488 808 3536; x_wconf 86' lang='lat' dir='ltr'><strong>ubi</strong></span> <span class='ocrx_word' id='word_1_223' title='bbox 816 3488 914 3536; x_wconf 85' lang='lat' dir='ltr'><strong>alterius</strong></span> <span class='ocrx_word' id='word_1_224' title='bbox 927 3489 1043 3547; x_wconf 79' lang='lat' dir='ltr'><strong>consulis,</strong></span> <span class='ocrx_word' id='word_1_225' title='bbox 1052 3488 1095 3535; x_wconf 85' lang='lat' dir='ltr'><strong>ubi</strong></span> <span class='ocrx_word' id='word_1_226' title='bbox 1105 3493 1226 3552; x_wconf 68' lang='lat' dir='ltr'><strong>praetoris</strong></span> 
     </span>
     <span class='ocr_line' id='line_1_30' title="bbox 157 3563 1225 3630; baseline 0.009 -21"><span class='ocrx_word' id='word_1_227' title='bbox 157 3579 259 3630; x_wconf 65' lang='lat' dir='ltr'><strong>agnem</strong></span> <span class='ocrx_word' id='word_1_228' title='bbox 270 3563 327 3611; x_wconf 87' lang='lat' dir='ltr'><strong>vide</strong></span> <span class='ocrx_word' id='word_1_229' title='bbox 336 3564 368 3611; x_wconf 90' lang='lat' dir='ltr'><strong>ad</strong></span> <span class='ocrx_word' id='word_1_230' title='bbox 378 3567 428 3626; x_wconf 89' lang='lat'>111,</span> <span class='ocrx_word' id='word_1_231' title='bbox 441 3567 465 3623; x_wconf 84' lang='lat'><strong>5,</strong></span> <span class='ocrx_word' id='word_1_232' title='bbox 478 3583 505 3614; x_wconf 89' lang='lat' dir='ltr'><strong>n.</strong></span> <span class='ocrx_word' id='word_1_233' title='bbox 520 3582 541 3613; x_wconf 86' lang='lat'><strong>1.</strong></span> <span class='ocrx_word' id='word_1_234' title='bbox 709 3577 803 3614; x_wconf 82' lang='lat' dir='ltr'><strong>tantum</strong></span> <span class='ocrx_word' id='word_1_235' title='bbox 814 3577 964 3614; x_wconf 86' lang='lat' dir='ltr'><strong>momentum</strong></span> <span class='ocrx_word' id='word_1_236' title='bbox 978 3568 1086 3615; x_wconf 80' lang='lat' dir='ltr'><strong>futurum</strong></span> <span class='ocrx_word' id='word_1_237' title='bbox 1101 3580 1168 3627; x_wconf 80' lang='lat' dir='ltr'><strong>erat,</strong></span> <span class='ocrx_word' id='word_1_238' title='bbox 1184 3570 1225 3619; x_wconf 85' lang='lat' dir='ltr'><strong>ibi</strong></span> 
     </span>
    </p>

    <p class='ocr_par' dir='ltr' id='par_1_4' title="bbox 155 3642 1226 4026">
     <span class='ocr_line' id='line_1_31' title="bbox 192 3642 1225 3711; baseline 0.008 -21"><span class='ocrx_word' id='word_1_239' title='bbox 192 3643 217 3690; x_wconf 81' lang='grc'><strong>5.</strong></span> <span class='ocrx_word' id='word_1_240' title='bbox 232 3642 284 3689; x_wconf 86' lang='lat' dir='ltr'><strong>Nee</strong></span> <span class='ocrx_word' id='word_1_241' title='bbox 296 3655 378 3691; x_wconf 85' lang='lat' dir='ltr'><strong>eastra</strong></span> <span class='ocrx_word' id='word_1_242' title='bbox 388 3643 595 3708; x_wconf 71' lang='lat' dir='ltr'><strong>sua...aggredi,</strong></span> <span class='ocrx_word' id='word_1_243' title='bbox 612 3644 663 3691; x_wconf 86' lang='lat' dir='ltr'><strong>scil.</strong></span> <span class='ocrx_word' id='word_1_244' title='bbox 709 3646 730 3693; x_wconf 79' lang='lat' dir='ltr'><strong>is</strong></span> <span class='ocrx_word' id='word_1_245' title='bbox 743 3645 789 3692; x_wconf 77' lang='lat' dir='ltr'><strong>eibi</strong></span> <span class='ocrx_word' id='word_1_246' title='bbox 800 3647 916 3694; x_wconf 83' lang='lat' dir='ltr'><strong>attribuat</strong></span> <span class='ocrx_word' id='word_1_247' title='bbox 925 3646 951 3693; x_wconf 87' lang='lat' dir='ltr'><strong>in</strong></span> <span class='ocrx_word' id='word_1_248' title='bbox 960 3645 1065 3694; x_wconf 76' lang='lat' dir='ltr'><strong>consilio</strong></span> <span class='ocrx_word' id='word_1_249' title='bbox 1077 3655 1155 3694; x_wconf 75' lang='lat' dir='ltr'><strong>totam</strong></span> <span class='ocrx_word' id='word_1_250' title='bbox 1168 3649 1225 3711; x_wconf 73' lang='lat' dir='ltr'><strong>glo-</strong></span> 
     </span>
     <span class='ocr_line' id='line_1_32' title="bbox 155 3721 1226 3791; baseline 0.007 -22"><span class='ocrx_word' id='word_1_251' title='bbox 155 3721 265 3778; x_wconf 83' lang='lat' dir='ltr'><strong>interim‚</strong></span> <span class='ocrx_word' id='word_1_252' title='bbox 279 3722 338 3770; x_wconf 86' lang='lat' dir='ltr'><strong>dum</strong></span> <span class='ocrx_word' id='word_1_253' title='bbox 350 3723 403 3786; x_wconf 80' lang='lat' dir='ltr'><strong>ipse</strong></span> <span class='ocrx_word' id='word_1_254' title='bbox 416 3723 495 3771; x_wconf 85' lang='lat' dir='ltr'><strong>absit:</strong></span> <span class='ocrx_word' id='word_1_255' title='bbox 507 3722 576 3784; x_wconf 89' lang='lat' dir='ltr'><strong>quod</strong></span> <span class='ocrx_word' id='word_1_256' title='bbox 588 3734 665 3781; x_wconf 88' lang='lat' dir='ltr'><strong>noto,</strong></span> <span class='ocrx_word' id='word_1_257' title='bbox 708 3725 780 3784; x_wconf 81' lang='lat' dir='ltr'><strong>riam3</strong></span> <span class='ocrx_word' id='word_1_258' title='bbox 790 3725 867 3772; x_wconf 85' lang='lat' dir='ltr'><strong>Gran.</strong></span> <span class='ocrx_word' id='word_1_259' title='bbox 876 3727 906 3771; x_wconf 91' lang='lat' dir='ltr'><strong>In</strong></span> <span class='ocrx_word' id='word_1_260' title='bbox 916 3725 1016 3788; x_wconf 79' lang='lat' dir='ltr'><strong>optimis</strong></span> <span class='ocrx_word' id='word_1_261' title='bbox 1024 3726 1087 3773; x_wconf 89' lang='lat' dir='ltr'><strong>MSS</strong></span> <span class='ocrx_word' id='word_1_262' title='bbox 1096 3724 1226 3791; x_wconf 65' lang='lat' dir='ltr'><strong>delerimre</strong></span> 
     </span>
     <span class='ocr_line' id='line_1_33' title="bbox 156 3800 1225 3868; baseline 0.006 -20"><span class='ocrx_word' id='word_1_263' title='bbox 156 3817 187 3849; x_wconf 87' lang='lat' dir='ltr'><strong>ne</strong></span> <span class='ocrx_word' id='word_1_264' title='bbox 209 3802 264 3867; x_wconf 77' lang='lat' dir='ltr'><strong>quis</strong></span> <span class='ocrx_word' id='word_1_265' title='bbox 284 3801 431 3850; x_wconf 80' lang='lat' dir='ltr'><strong>obtendatur</strong></span> <span class='ocrx_word' id='word_1_266' title='bbox 454 3801 566 3864; x_wconf 79' lang='lat' dir='ltr'><strong>sequenti</strong></span> <span class='ocrx_word' id='word_1_267' title='bbox 585 3800 662 3848; x_wconf 81' lang='lat' dir='ltr'><strong>inten-</strong></span> <span class='ocrx_word' id='word_1_268' title='bbox 707 3802 1225 3868; x_wconf 76' lang='lat' dir='ltr'><strong>inApuliamomissismediisverbis.11ine</strong></span> 
     </span>
     <span class='ocr_line' id='line_1_34' title="bbox 155 3879 1224 3947; baseline 0.003 -19"><span class='ocrx_word' id='word_1_269' title='bbox 155 3879 235 3937; x_wconf 82' lang='lat' dir='ltr'><strong>disse,·</strong></span> <span class='ocrx_word' id='word_1_270' title='bbox 250 3881 336 3928; x_wconf 85' lang='lat' dir='ltr'><strong>Bauer.</strong></span> <span class='ocrx_word' id='word_1_271' title='bbox 352 3906 388 3917; x_wconf 87' lang='lat'><em>-</em></span> <span class='ocrx_word' id='word_1_272' title='bbox 403 3880 455 3926; x_wconf 85' lang='lat' dir='ltr'><strong>Nee</strong></span> <span class='ocrx_word' id='word_1_273' title='bbox 469 3879 506 3926; x_wconf 83' lang='lat' dir='ltr'><strong>ad</strong></span> <span class='ocrx_word' id='word_1_274' title='bbox 515 3880 662 3943; x_wconf 83' lang='lat' dir='ltr'><strong>sequendum</strong></span> <span class='ocrx_word' id='word_1_275' title='bbox 707 3884 784 3931; x_wconf 85' lang='lat' dir='ltr'><strong>Gron.</strong></span> <span class='ocrx_word' id='word_1_276' title='bbox 795 3884 860 3944; x_wconf 84' lang='lat' dir='ltr'><strong>conj.</strong></span> <span class='ocrx_word' id='word_1_277' title='bbox 871 3895 1003 3947; x_wconf 82' lang='lat' dir='ltr'><strong>antequam</strong></span> <span class='ocrx_word' id='word_1_278' title='bbox 1013 3898 1039 3930; x_wconf 86' lang='lat' dir='ltr'><strong>se</strong></span> <span class='ocrx_word' id='word_1_279' title='bbox 1052 3894 1163 3939; x_wconf 76' lang='lat' dir='ltr'><strong>moreat,</strong></span> <span class='ocrx_word' id='word_1_280' title='bbox 1177 3885 1224 3931; x_wconf 80' lang='lat' dir='ltr'><strong>de-</strong></span> 
     </span>
     <span class='ocr_line' id='line_1_35' title="bbox 155 3957 1225 4026; baseline 0.006 -20"><span class='ocrx_word' id='word_1_281' title='bbox 155 3976 181 4006; x_wconf 81' lang='lat' dir='ltr'><strong>se</strong></span> <span class='ocrx_word' id='word_1_282' title='bbox 190 3959 236 4006; x_wconf 82' lang='lat' dir='ltr'><strong>iter</strong></span> <span class='ocrx_word' id='word_1_283' title='bbox 243 3958 386 4015; x_wconf 84' lang='lat' dir='ltr'><strong>intendisse;</strong></span> <span class='ocrx_word' id='word_1_284' title='bbox 394 3957 451 4006; x_wconf 85' lang='lat' dir='ltr'><strong>vide</strong></span> <span class='ocrx_word' id='word_1_285' title='bbox 460 3959 491 4005; x_wconf 86' lang='lat' dir='ltr'><strong>ad</strong></span> <span class='ocrx_word' id='word_1_286' title='bbox 499 3960 542 4017; x_wconf 80' lang='lat' dir='ltr'><strong>tv,</strong></span> <span class='ocrx_word' id='word_1_287' title='bbox 553 3973 593 4020; x_wconf 86' lang='lat'><strong>19,</strong></span> <span class='ocrx_word' id='word_1_288' title='bbox 602 3975 627 4006; x_wconf 88' lang='lat' dir='ltr'><strong>n.</strong></span> <span class='ocrx_word' id='word_1_289' title='bbox 639 3975 661 4006; x_wconf 89' lang='lat'><strong>1.</strong></span> <span class='ocrx_word' id='word_1_290' title='bbox 706 3963 792 4010; x_wconf 79' lang='lat' dir='ltr'><strong>bellari</strong></span> <span class='ocrx_word' id='word_1_291' title='bbox 795 3978 865 4026; x_wconf 81' lang='lat' dir='ltr'><strong>posse</strong></span> <span class='ocrx_word' id='word_1_292' title='bbox 871 3962 994 4026; x_wconf 81' lang='lat' dir='ltr'><strong>redirique</strong></span> <span class='ocrx_word' id='word_1_293' title='bbox 999 3961 1025 4008; x_wconf 85' lang='lat' dir='ltr'><strong>in</strong></span> <span class='ocrx_word' id='word_1_294' title='bbox 1032 3962 1158 4026; x_wconf 80' lang='lat' dir='ltr'><strong>Apuliam.</strong></span> <span class='ocrx_word' id='word_1_295' title='bbox 1166 3963 1225 4012; x_wconf 80' lang='lat' dir='ltr'><strong>Nos</strong></span> 
     </span>
    </p>
   </div>
   <div class='ocr_carea' id='block_1_4' title="bbox 164 4036 1225 4106">
    <p class='ocr_par' dir='ltr' id='par_1_5' title="bbox 164 4036 1225 4106">
     <span class='ocr_line' id='line_1_36' title="bbox 164 4036 1225 4106; baseline 0.007 -22"><span class='ocrx_word' id='word_1_296' title='bbox 164 4065 191 4073; x_wconf 80' lang='grc'><strong>-</strong></span> <span class='ocrx_word' id='word_1_297' title='bbox 204 4036 305 4084; x_wconf 85' lang='lat' dir='ltr'><strong>Deleri:</strong></span> <span class='ocrx_word' id='word_1_298' title='bbox 320 4036 351 4083; x_wconf 86' lang='lat' dir='ltr'><strong>al.</strong></span> <span class='ocrx_word' id='word_1_299' title='bbox 365 4037 456 4095; x_wconf 85' lang='lat' dir='ltr'><strong>delere,</strong></span> <span class='ocrx_word' id='word_1_300' title='bbox 475 4037 526 4085; x_wconf 85' lang='lat' dir='ltr'><strong>scil.</strong></span> <span class='ocrx_word' id='word_1_301' title='bbox 539 4054 572 4087; x_wconf 82' lang='lat' dir='ltr'><strong>se.</strong></span> <span class='ocrx_word' id='word_1_302' title='bbox 584 4038 662 4102; x_wconf 79' lang='lat' dir='ltr'><strong>Atqui</strong></span> <span class='ocrx_word' id='word_1_303' title='bbox 705 4055 751 4103; x_wconf 85' lang='lat' dir='ltr'><strong>pro</strong></span> <span class='ocrx_word' id='word_1_304' title='bbox 762 4040 828 4103; x_wconf 74' lang='lat' dir='ltr'><strong>vulg.</strong></span> <span class='ocrx_word' id='word_1_305' title='bbox 843 4039 970 4103; x_wconf 83' lang='lat' dir='ltr'><strong>redireque</strong></span> <span class='ocrx_word' id='word_1_306' title='bbox 984 4039 1046 4103; x_wconf 82' lang='lat' dir='ltr'><strong>(scil.</strong></span> <span class='ocrx_word' id='word_1_307' title='bbox 1058 4037 1094 4106; x_wconf 82' lang='lat' dir='ltr'><strong>se)</strong></span> <span class='ocrx_word' id='word_1_308' title='bbox 1108 4043 1225 4105; x_wconf 72' lang='lat' dir='ltr'><strong>repont-</strong></span> 
     </span>
    </p>
   </div>
   <div class='ocr_carea' id='block_1_5' title="bbox 0 0 1388 4574">
    <p class='ocr_par' dir='ltr' id='par_1_6' title="bbox 0 0 1388 4574">
     <span class='ocr_line' id='line_1_37' title="bbox 0 0 1388 4574; baseline 0 0"><span class='ocrx_word' id='word_1_309' title='bbox 0 0 1388 4574; x_wconf 95' lang='lat' dir='ltr'><strong> </strong></span> 
     </span>
    </p>
   </div>
  </div>
 </body>
</html>
