2768 4574
146 337 269 441 lzltttt
360 356 520 421 tisun
549 298 733 422 xxviii.
761 355 867 424 aar.
890 355 934 423 v.
1112 326 1176 438 341'

120 473 271 568 triadem
303 473 349 543 ad
381 471 514 544 famam
538 470 632 570 regis
661 487 924 545 convenerunt.
956 474 1184 546 Sustulerant

120 585 217 656 enim
233 585 371 654 animos
385 583 509 671 AEtoli,
528 606 644 680 quum
662 581 709 653 ab
726 606 876 655 romana
894 585 1084 670 societate,
1104 579 1182 655 tuin

119 709 202 792 post
220 693 328 765 Attali
345 692 559 782 adventum,
580 690 829 789 finitimosque
851 688 1179 789 depopulabantur.

118 809 194 877 Nec
210 808 417 876 Acarnanes
434 803 551 875 solum
570 805 776 900 Boeotique,
793 818 831 873 et
850 803 914 899 qui
931 800 1106 893 Euboeam
1126 803 1179 872 in-

119 914 263 1004 colunt,
285 917 325 986 in
349 939 482 1012 magno
506 928 607 984 metu
633 928 754 1002 erant3
779 911 843 984 sed
869 911 988 985 Achaei
1011 936 1181 1007 quoque,

83 1074 93 1100 .-
118 1049 212 1120 quos
230 1049 340 1122 super
359 1024 538 1095 aetolicum
557 1022 695 1094 bellum
710 1022 943 1094 Machanidas
963 1022 1072 1094 etiam
1089 1021 1179 1092 lace·

117 1133 319 1206 daemonius
335 1148 531 1230 tyrannus,
543 1133 643 1204 haud
661 1133 790 1231 procul
803 1133 1019 1230 Argivorum
1032 1129 1107 1209 fine
1121 1155 1183 1227 pn

117 1244 193 1314 sitis
213 1244 354 1329 castris,
380 1240 565 1314 terrebat:
586 1242 624 1313 hi
644 1266 772 1313 omnes
800 1244 873 1312 suis
897 1242 1053 1338 quisque
1079 1240 1180 1313 urbi·

116 1353 204 1439 bus,
230 1377 311 1450 quae
338 1352 499 1450 pericula
525 1367 623 1424 terra
651 1353 815 1455 marique
844 1349 1181 1448 portendebantur,
1208 1378 1212 1393 ·

116 1477 378 1548 memorantes,
404 1461 536 1533 auxilia
564 1485 687 1558 regem
714 1459 879 1531 orabant.
910 1465 966 1534 Ne
994 1485 1039 1532 ex
1065 1486 1180 1559 regno

116 1571 264 1666 quidem
282 1572 394 1668 ipsius
413 1571 616 1667 tranquillae
634 1568 898 1647 nuntiabantur
916 1594 975 1641 res
992 1585 1058 1663 :Uet
1077 1575 1179 1643 Scer·
1246 1564 1250 1571 ’

116 1679 284 1752 dilaedum
301 1682 582 1777 Pleuratumque
600 1694 719 1751 motos
738 1703 833 1769 esse,
851 1694 888 1750 et
905 1678 1084 1751 Thracum
1102 1705 1177 1751 ma-

115 1793 210 1863 xime
238 1792 393 1882 Maedos,
426 1793 456 1862 si
485 1790 587 1886 quod
620 1791 862 1888 longinquum
888 1787 1026 1860 bellum
1055 1815 1178 1888 regem

115 1916 340 1998 occupasset,
368 1903 533 1999 proxima
560 1901 780 1972 Macedoniae
811 1901 1032 1971 incursuros.
1061 1903 1178 1972 Boeoti

114 2011 264 2107 quidem
287 2027 322 2083 et
346 2013 536 2083 interiores
559 2013 706 2083 Graeciae
731 2006 893 2109 populi³‚
917 2009 1178 2109 Thermopyla-

113 2142 196 2194 rum
214 2119 361 2219 saltum,
378 2119 443 2191 ubi
460 2136 620 2220 angustae
639 2119 759 2192 fauces
777 2132 961 2191 coarctant
976 2121 1064 2208 iter,
1081 2119 1177 2192 fossa

112 2226 278 2327 valloque
298 2231 492 2303 intercludi
509 2230 555 2304 ab
574 2232 716 2319 AEtolis,
739 2229 977 2319 nuntiabant,
994 2256 1041 2302 ne
1060 2245 1177 2302 trans-

111 2340 201 2410 itum
233 2339 279 2409 ad
308 2342 489 2411 sociorum
521 2340 631 2412 urbes
659 2339 813 2412 tuendas
840 2338 1009 2440 Philippo
1036 2340 1175 2413 darent.

112 2450 178 2520 Vel
196 2475 342 2548 segnem
361 2449 493 2523 ducem
510 2464 566 2523 tot
584 2451 740 2539 excitare
757 2451 958 2524 tumultusl
971 2450 1178 2524 circumfusi

112 2574 280 2656 poterant
299 2589 307 2630 :
327 2561 522 2659 legationes
540 2562 708 2646 dimittit,
730 2561 933 2660 pollicitus,
952 2577 1063 2661 prout
1084 2576 1176 2632 temm

112 2692 181 2765 pus
196 2693 237 2739 ac
254 2695 362 2741 resse
378 2671 499 2760 daret,
516 2671 686 2742 omnibus
700 2671 859 2742 laturum
876 2695 915 2741 se
930 2668 1116 2741 auxilium.
1133 2676 1176 2741 In
1195 2666 1198 2671 ’

112 2780 317 2871 praesentia,
337 2804 416 2875 quae
425 2779 739 2878 maxime'urgebat
749 2804 824 2867 res,
839 2779 1079 2876 Peparethum
1093 2804 1178 2878 prae·

112 2887 242 2957 sidium
263 2886 346 2958 urbi
368 2892 499 2978 mittit3
518 2890 618 2961 unde
637 2890 787 2960 allatum
810 2902 904 2976 erat,
925 2888 1105 2977 Attalum,
1128 2889 1174 2960 ab

111 3001 250 3069 Lemno
267 2998 377 3070 classe
390 3001 611 3086 transmissa,
626 3021 773 3069 omnem
796 2999 890 3069 circa
903 2996 1033 3068 urbem
1048 3023 1174 3095 agrum

111 3106 384 3206 depopulatum.
410 3110 673 3207 Polyphantam
708 3133 791 3180 cum
821 3108 964 3181 modica
993 3134 1105 3180 manu
1133 3110 1172 3179 in

111 3221 303 3308 Boeotiam,
324 3223 537 3322 Menippum
555 3221 642 3290 item
667 3219 862 3316 quemdam
886 3245 930 3290 ex
953 3220 1059 3317 regiis
1077 3219 1175 3291 duci-

109 3327 180 3402 bus
199 3357 282 3404 cum
301 3333 398 3405 mille
417 3333 578 3435 peltastis
597 3331 710 3430 (pelta
726 3326 861 3402 caetrae⁵
879 3329 978 3402 haud
991 3329 1173 3402 dissimilis

111 3513 229 3562 exercitui
241 3515 337 3575 edixic5
355 3518 412 3566 vide
425 3518 457 3566 ad
470 3519 558 3575 xxu,
573 3532 618 3576 12,
662 3505 757 3574 motus,
772 3514 854 3562 ubivis
867 3515 915 3562 orti
926 3516 938 3562 t
949 3541 981 3552 -·
995 3516 1072 3560 Prout
1084 3525 1175 3577 tempus

111 3608 135 3640 n.
149 3609 170 3640 1.
189 3619 224 3629 -
242 3593 281 3641 Ab
296 3609 400 3645 romana
415 3596 545 3653 sociatum
562 3594 618 3642 vide
663 3611 694 3642 ac
703 3610 740 3641 res
751 3610 777 3641 se
786 3594 873 3656 daret,·
885 3595 951 3642 conl.
958 3585 991 3641 ad
997 3596 1048 3652 111,
1060 3607 1103 3652 21,
1112 3608 1138 3640 u.
1148 3594 1176 3649 3,

110 3671 142 3717 ad
155 3672 182 3728 I,
199 3687 221 3729 1,
235 3687 260 3717 n.
271 3671 295 3718 5.
664 3672 1175 3733 etadTac.Ann.XV,13,n.6.-1n

146 3751 170 3796 3.
182 3749 312 3799 Interiores
325 3751 427 3801 θητεῖαι
436 3752 523 3818 populi
529 3771 539 3810 ,·
548 3754 570 3803 l.
582 3752 619 3801 iu·
664 3750 826 3816 Peparethum
848 3752 895 3798 ins.
915 3751 988 3799 utaris
1007 3751 1082 3817 AEgaei
1102 3748 1175 3797 mittit

110 3829 220 3886 terioris,-
233 3831 311 3878 Gron.
539 3894 541 3899 Ι
658 3831 804 3897 presidium
824 3830 892 3888 urbi,
914 3831 1017 3891 milites,
1037 3828 1080 3895 qui
1098 3833 1174 3895 Pepa-

144 3918 169 3965 4.
179 3907 304 3957 Tumultus
312 3908 462 3973 circumflui,
472 3913 618 3962 tumultuosi
664 3911 735 3960 retho
747 3910 802 3958 urbi
815 3909 931 3974 praesidio
944 3921 1033 3959 essent.
1135 3898 1138 3902 ¹

109 3999 134 4035 et
144 3988 265 4044 minaces,
278 3987 438 4051 quiuudique
447 3990 619 4050 afferebantur,
700 3991 724 4038 5.
738 3990 799 4036 Cum
817 3987 881 4035 nulle
894 3988 1024 4052 peltastis:
1035 3988 1105 4054 pelta
1126 4002 1174 4034 οω-

109 4067 206 4128 nuntii,
218 4070 293 4118 Dour.
306 4067 346 4117 Au
358 4065 442 4135 potius
455 4069 587 4119 seditiones
596 4080 621 4117 et
665 4080 722 4127 truc,
738 4079 785 4120 etc.
799 4066 857 4115 vide
870 4066 902 4115 ad
917 4070 993 4126 xxl,
1003 4083 1049 4128 21,
1062 4082 1087 4116 n·
1100 4067 1125 4114 6·
1138 4093 1173 4103 ··-
