2768 4574
190 321 260 408 246
612 323 650 389 r.
684 322 825 389 mvn
1104 301 1232 407 tetta

188 421 274 514 nem
288 439 368 513 fieri
381 446 502 511 Patres
515 455 730 528 vetuerunt,
745 464 865 537 neque
878 439 960 511 illos
973 438 1122 528 dimitti,
1132 466 1261 538 neque

190 553 355 636 retineri,
367 575 488 646 neque
501 551 673 648 appellari
687 576 708 621 a
724 549 946 622 consulibus.
964 554 1015 620 Ea
1029 552 1135 623 tacita
1151 555 1258 623 casti·

189 663 287 759 gatio
302 662 457 732 maxime
472 686 516 732 ex
530 660 703 758 dignitate
721 661 850 759 populi
861 661 1003 731 romani
1014 662 1089 732 visa
1102 676 1165 733 est.
1181 665 1258 735 Cae-

186 787 264 844 tera
277 771 571 869 expedientibus,
586 798 667 869 quae
681 771 728 843 ad
735 771 873 845 bellum
886 795 979 868 opus
990 785 1108 859 erant,
1123 796 1259 843 consu·

186 880 299 971 libus,
324 906 452 955 aurum
473 884 749 969 uicesimarium,
764 881 866 979 quod
884 883 921 953 in
937 881 1113 953 sanctiore
1127 883 1259 953 aerario

185 992 232 1063 ad
239 990 388 1065 ultimos
406 1016 506 1064 casus
520 990 728 1065 servabatur
736 988 764 1080 ⁵,
783 992 903 1090 promi
915 990 1063 1088 placuit.
1082 992 1260 1088 Prompta

185 1102 231 1174 ad
250 1116 408 1200 quatuor
426 1102 537 1172 millia
554 1101 679 1198 pondo
696 1103 775 1173 auri
792 1129 799 1171 :
817 1101 902 1173 inde
921 1101 1105 1199 quingena
1125 1100 1258 1198 pondo

186 1213 270 1284 data
287 1211 499 1284 consulibus
518 1226 553 1283 ct
569 1217 619 1283 Μ.
632 1211 803 1285 Marcello
820 1225 857 1283 et
872 1215 906 1280 P.
920 1209 1079 1307 Sulpicio
1096 1233 1260 1305 procon-

185 1323 325 1395 sulibus
339 1338 376 1394 et
389 1327 428 1394 L.
441 1322 593 1395 Veturio
608 1322 771 1420 praetori,
788 1321 852 1418 qui
862 1319 1014 1393 Galliam
1029 1319 1258 1416 provinciam

184 1434 334 1504 sortitus
345 1430 687 1528 erar;additumque
697 1429 807 1503 Fabio
818 1430 959 1502 consuli
969 1443 1116 1503 centum
1126 1428 1258 1526 pondo

184 1544 262 1614 auri
276 1543 500 1641 praecipuum
508 1539 539 1633 ⁶,
554 1541 655 1640 quod
671 1543 709 1616 iu
723 1566 843 1616 arcem
858 1541 1075 1616 tarentinam
1089 1553 1259 1637 portare-

183 1668 253 1724 tur.
277 1658 416 1726 Caetero
435 1657 491 1727 usi
510 1668 597 1727 sunt
617 1653 663 1724 ad
680 1654 898 1727 vestimenta
912 1651 1080 1749 praesenti
1096 1653 1259 1747 pecunia

183 1764 337 1836 locanda
351 1767 542 1852 exercitui,
558 1765 623 1863 qui
634 1765 672 1833 in
685 1765 856 1861 Hispania
868 1762 1007 1836 bellum
1018 1761 1178 1836 secunda
1189 1786 1259 1837 sua

184 1871 278 1944 fama
296 1873 472 1971 ducisque
490 1872 648 1969 gerebat.
970 1949 976 1962 ‚

230 1988 291 2056 XI.
306 1985 468 2079 Prodigia
484 2007 651 2079 quoque,
671 1984 771 2079 prius
785 2008 895 2079 quam
908 1983 955 2055 ab
964 1969 1069 2057 ¹Urbe
1084 1983 1259 2059 consules

182 2093 517 2189 proficiscerentur,
532 2094 720 2190 procurari
734 2093 902 2190 placuit&
916 2099 961 2167 In
972 2091 1115 2167 Albano
1124 2107 1259 2169 monte

182 2215 277 2272 tacta
287 2200 333 2273 de
346 2201 433 2273 caelo
452 2216 555 2272 erant
565 2203 709 2298 signum
722 2205 820 2274 Jovis
831 2202 1012 2299 arborque
1025 2201 1163 2298 templo
1175 2227 1260 2300 pro

183 2311 341 2407 pinqua,
358 2327 395 2384 et
410 2313 518 2385 Ostiae
534 2313 650 2400 lacus,
665 2327 700 2384 et
715 2318 848 2410 Capuae
866 2336 991 2387 murus
1006 2317 1257 2410 Fortunaeque

182 2419 291 2508 aedes,
307 2436 343 2493 et
352 2423 527 2495 Sinuessae
539 2447 666 2497 murus
677 2437 856 2520 portaque
873 2449 880 2491 :
897 2423 972 2495 haec
984 2422 1030 2492 de
1040 2422 1127 2495 caelo
1142 2436 1257 2498 tacta.

182 2533 376 2602 Cruentarn
401 2533 508 2605 etiam
532 2531 678 2605 fluxisse
700 2557 830 2629 aquam
845 2542 860 2573 ²
884 2531 1079 2617 Albanam,
1098 2532 1259 2628 quidam

181 2654 347 2712 auctores
362 2657 464 2715 erant
481 2669 488 2711 :
504 2657 540 2713 et
553 2647 676 2717 Romae
692 2643 790 2716 intus
808 2642 935 2714 cellam
948 2640 1033 2715 redis
1042 2643 1161 2715 Fortis
1170 2648 1260 2716 For·

178 2748 300 2822 tunae³
319 2750 364 2824 de
377 2754 494 2850 capite
507 2753 671 2848 siguum,
686 2752 787 2850 quod
801 2755 839 2823 in
854 2777 990 2826 corona
1004 2766 1098 2840 erat,
1115 2754 1155 2827 iu
1172 2779 1259 2828 ma-

215 2949 239 2997 5.
251 2950 347 3016 Aurum
363 2950 561 3009 vicesbnariunr,
580 2951 649 3014 quod
664 2951 688 2998 in
734 2955 761 3012 1,
776 2969 830 3018 cap.
843 2968 890 3010 ra,
906 2968 931 2998 n.
942 2951 972 3011 6,
988 2961 1012 2998 et
1021 2949 1066 2998 lib.
1074 2950 1107 3008 V,
1122 2949 1171 3009 23,
1185 2967 1213 2999 n.
1228 2953 1258 3001 6.

180 3029 303 3075 sanctiore
326 3029 416 3076 oerario
441 3029 478 3075 ad
498 3028 594 3077 ultimos
619 3047 690 3078 casus
769 3029 1259 3094 Canxl.1.Prodigiaquoque...pm-

176 3109 335 3165 serendarum
347 3108 404 3155 vide
414 3108 445 3154 ad
457 3109 513 3166 vu,
526 3109 572 3166 16,
584 3126 608 3155 n.
621 3119 689 3165 4.-
734 3110 818 3157 curari
831 3109 940 3173 placuit,
959 3121 1006 3157 etc.
1019 3108 1083 3154 Vide
1101 3106 1133 3153 ad
1152 3109 1182 3167 1,
1200 3125 1258 3170 ao,

178 3187 291 3246 Quamor
303 3186 381 3234 millia
389 3187 484 3250 pondo.
497 3189 587 3235 Marcae
600 3200 691 3236 nostra·
734 3204 759 3255 u.
773 3205 814 3247 11,
825 3200 849 3236 et
858 3191 885 3246 1,
894 3189 936 3247 31,
946 3204 972 3237 n.
984 3185 1179 3235 1.-Τιωωᾰε
1189 3190 1258 3236 coelo

176 3274 213 3335 pes
222 3264 299 3312 6250.
311 3264 451 3329 quingena,
461 3282 548 3314 marcae
559 3268 619 3326 781,
633 3284 689 3315 cum
734 3267 816 3325 arbor,
828 3267 937 3324 euvid,
945 3266 976 3314 nd
985 3265 1084 3325 xm,
1097 3279 1136 3320 to,
1145 3279 1176 3313 n.
1184 3281 1260 3325 7.-

177 3341 272 3390 duabus
290 3344 378 3392 unciis.
401 3346 512 3400 Centum,
531 3360 618 3395 marcae
639 3346 688 3393 156
732 3348 767 3393 Et
779 3346 854 3394 0211·oe
865 3347 947 3403 Iocus,
962 3345 1112 3393 fortelucus.

83 3468 86 3472 .
176 3437 232 3469 cum
244 3421 338 3470 duabus
351 3423 437 3471 itidem
448 3423 542 3481 unciis,
553 3426 687 3474 secundum
768 3442 792 3474 a.
807 3425 903 3473 Cruent.
915 3423 1062 3491 etiamflux.
1076 3436 1192 3484 aquam,
1203 3434 1258 3474 etc.

173 3502 246 3550 Crev.
259 3502 375 3551 rationes.
388 3502 433 3552 Eu.
731 3503 795 3552 Vide
805 3503 871 3562 adl,
885 3504 929 3562 31,
943 3519 968 3551 u.
982 3518 1005 3550 1.
1022 3528 1057 3537 -
1073 3497 1188 3561 Quum
1205 3520 1258 3551 u·

208 3582 232 3628 6.
248 3580 418 3644 Additamque
426 3579 503 3628 Fabio
516 3597 565 3629 cos,
577 3582 598 3629 C
599 3584 685 3645 pondo
730 3593 808 3630 atores
821 3593 905 3638 erant,·
917 3581 975 3629 vide
987 3580 1018 3629 cd
1028 3582 1065 3637 11,
1081 3579 1127 3637 58,
1143 3594 1178 3643 p.
1193 3597 1218 3631 x.

168 3659 230 3716 ,auri
237 3660 391 3724 praecipuum
396 3694 404 3716 ,
421 3661 625 3719 sc.a11rum,niri
637 3662 683 3724 leg.
767 3663 791 3710 3.
805 3664 838 3708 Et
852 3664 934 3709 Romoe
948 3662 1011 3709 intus
1027 3659 1115 3707 cellam
1131 3657 1208 3723 (ride
1217 3664 1256 3713 nd

173 3752 260 3784 aurum
275 3755 316 3801 pr.
324 3772 332 3795 ,
353 3738 488 3804 singulare,
501 3741 633 3804 praecipue.
651 3767 687 3776 —
730 3743 779 3800 111,
793 3756 838 3802 19,
849 3756 876 3790 n.
890 3738 935 3805 ιι)
950 3739 1010 3788 oedr‘s
1021 3735 1102 3785 Fortis
1109 3739 1259 3800 Fortuna,-

176 3814 282 3873 Coetero,
301 3818 394 3866 scilicet
402 3835 462 3866 auro
475 3817 554 3882 (quod
563 3818 621 3867 edd.
630 3831 686 3868 ante
729 3820 787 3870 ride
796 3819 828 3867 ad
836 3822 874 3879 X,
888 3822 934 3880 46,
948 3836 973 3867 n.
985 3819 1087 3879 plutas
1098 3816 1194 3867 cellam
1205 3820 1261 3887 (in

173 3894 251 3942 Gron.
262 3895 370 3956 addunt,
382 3914 433 3944 non
447 3898 535 3961 optimi
548 3897 628 3963 Mss)
649 3899 687 3946 usi
730 3899 804 3957 ceila,
823 3911 851 3946 ut
863 3897 930 3963 apud
943 3897 1020 3945 Plaut.
1030 3895 1086 3944 Mil.
1097 3897 1137 3955 11,
1153 3898 1185 3958 6,
1202 3899 1258 3967 65)

167 3983 226 4018 sunt
239 3974 276 4021 ad
291 3975 436 4024 vestimenta
445 3978 564 4041 praesenti
574 3978 682 4042 pecunia
726 3977 815 4042 optimi
823 3978 886 4026 MSS
895 3993 942 4042 pro
952 3975 1019 4040 vulg.
1026 3974 1092 4023 turra
1101 3974 1209 4026 collon.
1219 3970 1230 4029 ¹.
1243 4014 1251 4028 .

169 4050 278 4100 locanda
292 4054 411 4102 exercitui
419 4073 430 4111 ,·
446 4055 497 4104 vid.
511 4072 584 4120 supra
596 4057 628 4105 ad
636 4057 680 4106 lib.
726 4057 839 4121 Signum,
857 4069 935 4121 puto,
949 4055 1031 4105 Fortia
1046 4057 1176 4108 Fortuna.
1193 4058 1257 4109 No·
