<?xml version="1.0" encoding="UTF-8"?>
<!DOCTYPE html PUBLIC "-//W3C//DTD XHTML 1.0 Transitional//EN"
    "http://www.w3.org/TR/xhtml1/DTD/xhtml1-transitional.dtd">
<html xmlns="http://www.w3.org/1999/xhtml" xml:lang="en" lang="en">
 <head>
  <title>
</title>
<meta http-equiv="Content-Type" content="text/html;charset=utf-8" />
  <meta name='ocr-system' content='tesseract 3.04.00' />
  <meta name='ocr-capabilities' content='ocr_page ocr_carea ocr_par ocr_line ocrx_word'/>
</head>
<body>
  <div class='ocr_page' id='page_1' title='image "./titusliviuspata04freigoog_0454.png"; bbox 0 0 2768 4574; ppageno 0'>
   <div class='ocr_carea' id='block_1_1' title="bbox 156 320 1231 3069">
    <p class='ocr_par' dir='ltr' id='par_1_1' title="bbox 156 320 1217 984">
     <span class='ocr_line' id='line_1_1' title="bbox 183 320 1215 445; baseline 0.003 -42"><span class='ocrx_word' id='word_1_1' title='bbox 183 320 307 431; x_wconf 62' lang='lat' dir='ltr'><strong>atat:</strong></span> <span class='ocrx_word' id='word_1_2' title='bbox 427 339 521 404; x_wconf 81' lang='lat' dir='ltr'><strong>ma.</strong></span> <span class='ocrx_word' id='word_1_3' title='bbox 549 337 688 403; x_wconf 82' lang='lat' dir='ltr'><strong>xxix.</strong></span> <span class='ocrx_word' id='word_1_4' title='bbox 716 338 818 403; x_wconf 79' lang='lat' dir='ltr'><strong>car.</strong></span> <span class='ocrx_word' id='word_1_5' title='bbox 844 340 873 404; x_wconf 92' lang='lat'><strong>1.</strong></span> <span class='ocrx_word' id='word_1_6' title='bbox 899 341 946 405; x_wconf 91' lang='lat' dir='ltr'><strong>n.</strong></span> <span class='ocrx_word' id='word_1_7' title='bbox 1146 344 1215 445; x_wconf 68' lang='lat'><strong>449</strong></span> 
     </span>
     <span class='ocr_line' id='line_1_2' title="bbox 156 455 1216 564; baseline 0.004 -34"><span class='ocrx_word' id='word_1_8' title='bbox 156 460 348 561; x_wconf 84' lang='lat' dir='ltr'>populares</span> <span class='ocrx_word' id='word_1_9' title='bbox 359 455 487 544; x_wconf 92' lang='lat' dir='ltr'><strong>modo,</strong></span> <span class='ocrx_word' id='word_1_10' title='bbox 503 455 567 527; x_wconf 88' lang='lat' dir='ltr'><strong>sed</strong></span> <span class='ocrx_word' id='word_1_11' title='bbox 574 459 773 525; x_wconf 82' lang='lat' dir='ltr'><strong>Ausetanos</strong></span> <span class='ocrx_word' id='word_1_12' title='bbox 789 480 954 553; x_wconf 91' lang='lat' dir='ltr'><strong>quoque,</strong></span> <span class='ocrx_word' id='word_1_13' title='bbox 969 461 1123 534; x_wconf 86' lang='lat' dir='ltr'><strong>vicinam</strong></span> <span class='ocrx_word' id='word_1_14' title='bbox 1134 491 1216 564; x_wconf 88' lang='lat' dir='ltr'><strong>gen-</strong></span> 
     </span>
     <span class='ocr_line' id='line_1_3' title="bbox 157 563 1215 674; baseline 0.003 -31"><span class='ocrx_word' id='word_1_15' title='bbox 157 587 249 658; x_wconf 87' lang='lat' dir='ltr'><strong>tem,</strong></span> <span class='ocrx_word' id='word_1_16' title='bbox 265 567 438 656; x_wconf 91' lang='lat' dir='ltr'><strong>concitat,</strong></span> <span class='ocrx_word' id='word_1_17' title='bbox 458 580 494 637; x_wconf 93' lang='lat' dir='ltr'><strong>et</strong></span> <span class='ocrx_word' id='word_1_18' title='bbox 511 567 598 636; x_wconf 88' lang='lat' dir='ltr'><strong>alios</strong></span> <span class='ocrx_word' id='word_1_19' title='bbox 613 563 783 634; x_wconf 88' lang='lat' dir='ltr'><strong>finitimos</strong></span> <span class='ocrx_word' id='word_1_20' title='bbox 800 565 867 636; x_wconf 91' lang='lat' dir='ltr'><strong>sibi</strong></span> <span class='ocrx_word' id='word_1_21' title='bbox 881 582 991 663; x_wconf 92' lang='lat' dir='ltr'><strong>atque</strong></span> <span class='ocrx_word' id='word_1_22' title='bbox 1008 571 1077 643; x_wconf 93' lang='lat' dir='ltr'><strong>illis</strong></span> <span class='ocrx_word' id='word_1_23' title='bbox 1096 599 1215 674; x_wconf 89' lang='lat' dir='ltr'><strong>popu-</strong></span> 
     </span>
     <span class='ocr_line' id='line_1_4' title="bbox 157 675 1216 778; baseline 0.006 -27"><span class='ocrx_word' id='word_1_24' title='bbox 157 681 222 751; x_wconf 89' lang='lat' dir='ltr'><strong>los.</strong></span> <span class='ocrx_word' id='word_1_25' title='bbox 244 685 370 774; x_wconf 89' lang='lat' dir='ltr'><strong>Itaque</strong></span> <span class='ocrx_word' id='word_1_26' title='bbox 389 679 481 746; x_wconf 90' lang='lat' dir='ltr'><strong>intra</strong></span> <span class='ocrx_word' id='word_1_27' title='bbox 503 700 636 774; x_wconf 91' lang='lat' dir='ltr'><strong>paucos</strong></span> <span class='ocrx_word' id='word_1_28' title='bbox 653 675 727 744; x_wconf 91' lang='lat' dir='ltr'><strong>dies</strong></span> <span class='ocrx_word' id='word_1_29' title='bbox 747 676 890 772; x_wconf 87' lang='lat' dir='ltr'><strong>triginta</strong></span> <span class='ocrx_word' id='word_1_30' title='bbox 909 677 1018 748; x_wconf 91' lang='lat' dir='ltr'><strong>millia</strong></span> <span class='ocrx_word' id='word_1_31' title='bbox 1036 681 1216 778; x_wconf 91' lang='lat' dir='ltr'><strong>peditum,</strong></span> 
     </span>
     <span class='ocr_line' id='line_1_5' title="bbox 159 785 1217 891; baseline 0 -31"><span class='ocrx_word' id='word_1_32' title='bbox 159 805 316 886; x_wconf 92' lang='lat' dir='ltr'><strong>quatuor</strong></span> <span class='ocrx_word' id='word_1_33' title='bbox 342 785 455 858; x_wconf 83' lang='lat' dir='ltr'><strong>ferme</strong></span> <span class='ocrx_word' id='word_1_34' title='bbox 479 788 643 882; x_wconf 90' lang='lat' dir='ltr'><strong>equitum</strong></span> <span class='ocrx_word' id='word_1_35' title='bbox 669 786 706 855; x_wconf 90' lang='lat' dir='ltr'><strong>in</strong></span> <span class='ocrx_word' id='word_1_36' title='bbox 734 785 942 857; x_wconf 88' lang='lat' dir='ltr'><strong>sedetanum</strong></span> <span class='ocrx_word' id='word_1_37' title='bbox 969 814 1116 885; x_wconf 88' lang='lat' dir='ltr'><strong>agrurn,</strong></span> <span class='ocrx_word' id='word_1_38' title='bbox 1142 821 1217 891; x_wconf 83' lang='lat' dir='ltr'><strong>quo</strong></span> 
     </span>
     <span class='ocr_line' id='line_1_6' title="bbox 159 899 709 984; baseline -0.013 -13"><span class='ocrx_word' id='word_1_39' title='bbox 159 899 317 971; x_wconf 89' lang='lat' dir='ltr'><strong>edictum</strong></span> <span class='ocrx_word' id='word_1_40' title='bbox 337 911 430 984; x_wconf 86' lang='lat' dir='ltr'><strong>erat,</strong></span> <span class='ocrx_word' id='word_1_41' title='bbox 452 910 709 967; x_wconf 90' lang='lat' dir='ltr'><strong>convenerunt.</strong></span> 
     </span>
    </p>

    <p class='ocr_par' dir='ltr' id='par_1_2' title="bbox 161 1007 1231 3069">
     <span class='ocr_line' id='line_1_7' title="bbox 208 1007 1219 1103; baseline 0.007 -26"><span class='ocrx_word' id='word_1_42' title='bbox 208 1013 252 1078; x_wconf 91' lang='lat' dir='ltr'><strong>II.</strong></span> <span class='ocrx_word' id='word_1_43' title='bbox 284 1007 437 1077; x_wconf 89' lang='lat' dir='ltr'><strong>Romani</strong></span> <span class='ocrx_word' id='word_1_44' title='bbox 469 1029 617 1101; x_wconf 90' lang='lat' dir='ltr'><strong>quoque</strong></span> <span class='ocrx_word' id='word_1_45' title='bbox 645 1007 896 1103; x_wconf 75' lang='lat' dir='ltr'><strong>imperatoreS,</strong></span> <span class='ocrx_word' id='word_1_46' title='bbox 923 1011 960 1077; x_wconf 94' lang='lat' dir='ltr'><strong>L.</strong></span> <span class='ocrx_word' id='word_1_47' title='bbox 986 1009 1165 1082; x_wconf 91' lang='lat' dir='ltr'><strong>Lentulus·</strong></span> <span class='ocrx_word' id='word_1_48' title='bbox 1183 1030 1219 1085; x_wconf 90' lang='lat' dir='ltr'><strong>et</strong></span> 
     </span>
     <span class='ocr_line' id='line_1_8' title="bbox 161 1115 1221 1216; baseline 0.004 -28"><span class='ocrx_word' id='word_1_49' title='bbox 161 1123 201 1188; x_wconf 88' lang='lat' dir='ltr'><strong>L.</strong></span> <span class='ocrx_word' id='word_1_50' title='bbox 220 1117 374 1188; x_wconf 90' lang='lat' dir='ltr'><strong>Manlius</strong></span> <span class='ocrx_word' id='word_1_51' title='bbox 389 1115 579 1202; x_wconf 84' lang='lat' dir='ltr'>Acidinus,</span> <span class='ocrx_word' id='word_1_52' title='bbox 599 1140 645 1185; x_wconf 92' lang='lat' dir='ltr'><strong>ne</strong></span> <span class='ocrx_word' id='word_1_53' title='bbox 662 1115 825 1212; x_wconf 84' lang='lat' dir='ltr'><strong>glisceret</strong></span> <span class='ocrx_word' id='word_1_54' title='bbox 844 1118 977 1214; x_wconf 86' lang='lat' dir='ltr'><strong>prima¹</strong></span> <span class='ocrx_word' id='word_1_55' title='bbox 1004 1117 1221 1216; x_wconf 90' lang='lat' dir='ltr'><strong>negligendo</strong></span> 
     </span>
     <span class='ocr_line' id='line_1_9' title="bbox 161 1225 1220 1325; baseline 0.003 -26"><span class='ocrx_word' id='word_1_56' title='bbox 161 1227 316 1314; x_wconf 90' lang='lat' dir='ltr'><strong>bellum,</strong></span> <span class='ocrx_word' id='word_1_57' title='bbox 332 1227 466 1320; x_wconf 84' lang='lat' dir='ltr'><strong>junctis</strong></span> <span class='ocrx_word' id='word_1_58' title='bbox 487 1241 523 1297; x_wconf 92' lang='lat' dir='ltr'><strong>et</strong></span> <span class='ocrx_word' id='word_1_59' title='bbox 542 1227 610 1323; x_wconf 89' lang='lat' dir='ltr'><strong>ipsi</strong></span> <span class='ocrx_word' id='word_1_60' title='bbox 630 1225 861 1314; x_wconf 85' lang='lat' dir='ltr'><strong>exercitibus,</strong></span> <span class='ocrx_word' id='word_1_61' title='bbox 884 1252 948 1325; x_wconf 90' lang='lat' dir='ltr'><strong>per</strong></span> <span class='ocrx_word' id='word_1_62' title='bbox 973 1252 1098 1325; x_wconf 87' lang='lat' dir='ltr'><strong>agrum</strong></span> <span class='ocrx_word' id='word_1_63' title='bbox 1118 1254 1220 1302; x_wconf 85' lang='lat' dir='ltr'><strong>ause-</strong></span> 
     </span>
     <span class='ocr_line' id='line_1_10' title="bbox 162 1336 1222 1437; baseline 0.003 -29"><span class='ocrx_word' id='word_1_64' title='bbox 162 1352 310 1423; x_wconf 91' lang='lat' dir='ltr'><strong>tanum,</strong></span> <span class='ocrx_word' id='word_1_65' title='bbox 330 1337 489 1425; x_wconf 84' lang='lat' dir='ltr'><strong>hostien,</strong></span> <span class='ocrx_word' id='word_1_66' title='bbox 513 1351 686 1431; x_wconf 84' lang='lat' dir='ltr'><strong>tanquam</strong></span> <span class='ocrx_word' id='word_1_67' title='bbox 714 1350 857 1431; x_wconf 90' lang='lat' dir='ltr'><strong>pacat0,</strong></span> <span class='ocrx_word' id='word_1_68' title='bbox 879 1336 1077 1437; x_wconf 75' lang='lat' dir='ltr'><strong>clementer</strong></span> <span class='ocrx_word' id='word_1_69' title='bbox 1093 1339 1222 1411; x_wconf 82' lang='lat' dir='ltr'><strong>ductis</strong></span> 
     </span>
     <span class='ocr_line' id='line_1_11' title="bbox 162 1445 1223 1542; baseline 0.004 -25"><span class='ocrx_word' id='word_1_70' title='bbox 162 1446 359 1534; x_wconf 85' lang='lat' dir='ltr'><strong>militibus,</strong></span> <span class='ocrx_word' id='word_1_71' title='bbox 379 1446 424 1517; x_wconf 93' lang='lat' dir='ltr'><strong>ad</strong></span> <span class='ocrx_word' id='word_1_72' title='bbox 445 1445 567 1518; x_wconf 91' lang='lat' dir='ltr'><strong>sedem</strong></span> <span class='ocrx_word' id='word_1_73' title='bbox 586 1445 745 1516; x_wconf 91' lang='lat' dir='ltr'><strong>hostium</strong></span> <span class='ocrx_word' id='word_1_74' title='bbox 768 1470 976 1542; x_wconf 87' lang='lat' dir='ltr'><strong>pervenere.</strong></span> <span class='ocrx_word' id='word_1_75' title='bbox 1001 1450 1123 1520; x_wconf 84' lang='lat' dir='ltr'><strong>Trium</strong></span> <span class='ocrx_word' id='word_1_76' title='bbox 1141 1452 1223 1522; x_wconf 88' lang='lat' dir='ltr'><strong>mil·</strong></span> 
     </span>
     <span class='ocr_line' id='line_1_12' title="bbox 163 1556 1221 1653; baseline 0.005 -26"><span class='ocrx_word' id='word_1_77' title='bbox 163 1557 252 1651; x_wconf 86' lang='lat' dir='ltr'><strong>lium</strong></span> <span class='ocrx_word' id='word_1_78' title='bbox 268 1556 384 1652; x_wconf 90' lang='lat' dir='ltr'><strong>spatio</strong></span> <span class='ocrx_word' id='word_1_79' title='bbox 407 1556 572 1651; x_wconf 88' lang='lat' dir='ltr'><strong>procula</strong></span> <span class='ocrx_word' id='word_1_80' title='bbox 592 1556 713 1625; x_wconf 90' lang='lat' dir='ltr'><strong>castris</strong></span> <span class='ocrx_word' id='word_1_81' title='bbox 732 1579 859 1625; x_wconf 91' lang='lat' dir='ltr'><strong>eorum</strong></span> <span class='ocrx_word' id='word_1_82' title='bbox 878 1573 1080 1653; x_wconf 91' lang='lat' dir='ltr'><strong>posuerunt</strong></span> <span class='ocrx_word' id='word_1_83' title='bbox 1098 1575 1221 1632; x_wconf 91' lang='lat' dir='ltr'><strong>castra.</strong></span> 
     </span>
     <span class='ocr_line' id='line_1_13' title="bbox 165 1663 1223 1761; baseline 0.007 -26"><span class='ocrx_word' id='word_1_84' title='bbox 165 1667 284 1735; x_wconf 89' lang='lat' dir='ltr'><strong>Primo</strong></span> <span class='ocrx_word' id='word_1_85' title='bbox 309 1690 375 1761; x_wconf 92' lang='lat' dir='ltr'><strong>per</strong></span> <span class='ocrx_word' id='word_1_86' title='bbox 398 1664 532 1760; x_wconf 88' lang='lat' dir='ltr'><strong>legatos</strong></span> <span class='ocrx_word' id='word_1_87' title='bbox 558 1663 805 1759; x_wconf 86' lang='lat' dir='ltr'><strong>nequidquam</strong></span> <span class='ocrx_word' id='word_1_88' title='bbox 826 1680 1023 1755; x_wconf 91' lang='lat' dir='ltr'><strong>tentatum,</strong></span> <span class='ocrx_word' id='word_1_89' title='bbox 1042 1684 1083 1738; x_wconf 94' lang='lat' dir='ltr'><strong>ut</strong></span> <span class='ocrx_word' id='word_1_90' title='bbox 1110 1669 1223 1743; x_wconf 90' lang='lat' dir='ltr'><strong>disce·</strong></span> 
     </span>
     <span class='ocr_line' id='line_1_14' title="bbox 165 1772 1225 1871; baseline 0.008 -28"><span class='ocrx_word' id='word_1_91' title='bbox 165 1775 312 1847; x_wconf 91' lang='lat' dir='ltr'><strong>deretur</strong></span> <span class='ocrx_word' id='word_1_92' title='bbox 326 1775 371 1845; x_wconf 92' lang='lat' dir='ltr'><strong>ab</strong></span> <span class='ocrx_word' id='word_1_93' title='bbox 383 1776 489 1845; x_wconf 91' lang='lat' dir='ltr'><strong>armis</strong></span> <span class='ocrx_word' id='word_1_94' title='bbox 502 1800 509 1840; x_wconf 91' lang='lat'>:</span> <span class='ocrx_word' id='word_1_95' title='bbox 524 1772 624 1861; x_wconf 90' lang='lat' dir='ltr'><strong>dein,</strong></span> <span class='ocrx_word' id='word_1_96' title='bbox 639 1797 753 1868; x_wconf 92' lang='lat' dir='ltr'><strong>quum</strong></span> <span class='ocrx_word' id='word_1_97' title='bbox 766 1777 805 1843; x_wconf 91' lang='lat' dir='ltr'><strong>in</strong></span> <span class='ocrx_word' id='word_1_98' title='bbox 815 1775 1045 1871; x_wconf 88' lang='lat' dir='ltr'><strong>pabulatores</strong></span> <span class='ocrx_word' id='word_1_99' title='bbox 1057 1803 1225 1852; x_wconf 87' lang='lat' dir='ltr'><strong>romanos</strong></span> 
     </span>
     <span class='ocr_line' id='line_1_15' title="bbox 166 1881 1224 1982; baseline 0.005 -28"><span class='ocrx_word' id='word_1_100' title='bbox 166 1887 322 1982; x_wconf 90' lang='lat' dir='ltr'><strong>impetus</strong></span> <span class='ocrx_word' id='word_1_101' title='bbox 332 1881 726 1981; x_wconf 88' lang='lat' dir='ltr'><strong>repenteabequitibus</strong></span> <span class='ocrx_word' id='word_1_102' title='bbox 735 1881 893 1979; x_wconf 89' lang='lat' dir='ltr'><strong>hispanis</strong></span> <span class='ocrx_word' id='word_1_103' title='bbox 904 1883 1017 1956; x_wconf 90' lang='lat' dir='ltr'><strong>factus</strong></span> <span class='ocrx_word' id='word_1_104' title='bbox 1028 1903 1131 1975; x_wconf 90' lang='lat' dir='ltr'><strong>esset,</strong></span> <span class='ocrx_word' id='word_1_105' title='bbox 1141 1889 1224 1960; x_wconf 90' lang='lat' dir='ltr'><strong>sub-</strong></span> 
     </span>
     <span class='ocr_line' id='line_1_16' title="bbox 167 1993 1226 2092; baseline 0.008 -30"><span class='ocrx_word' id='word_1_106' title='bbox 167 1996 275 2064; x_wconf 88' lang='lat' dir='ltr'><strong>misso</strong></span> <span class='ocrx_word' id='word_1_107' title='bbox 287 1994 331 2064; x_wconf 87' lang='lat' dir='ltr'><strong>ab</strong></span> <span class='ocrx_word' id='word_1_108' title='bbox 348 1995 500 2064; x_wconf 90' lang='lat' dir='ltr'><strong>statione</strong></span> <span class='ocrx_word' id='word_1_109' title='bbox 513 2016 663 2061; x_wconf 91' lang='lat' dir='ltr'><strong>romana</strong></span> <span class='ocrx_word' id='word_1_110' title='bbox 680 1993 863 2088; x_wconf 90' lang='lat' dir='ltr'><strong>equitatu,</strong></span> <span class='ocrx_word' id='word_1_111' title='bbox 880 1996 1040 2090; x_wconf 86' lang='lat' dir='ltr'><strong>praelium</strong></span> <span class='ocrx_word' id='word_1_112' title='bbox 1058 2013 1226 2092; x_wconf 88' lang='lat' dir='ltr'><strong>equestre</strong></span> 
     </span>
     <span class='ocr_line' id='line_1_17' title="bbox 167 2099 1225 2198; baseline 0.006 -24"><span class='ocrx_word' id='word_1_113' title='bbox 167 2102 252 2191; x_wconf 86' lang='lat' dir='ltr'><strong>fuit,</strong></span> <span class='ocrx_word' id='word_1_114' title='bbox 274 2102 371 2173; x_wconf 94' lang='lat' dir='ltr'><strong>haud</strong></span> <span class='ocrx_word' id='word_1_115' title='bbox 389 2126 474 2172; x_wconf 91' lang='lat' dir='ltr'><strong>sane</strong></span> <span class='ocrx_word' id='word_1_116' title='bbox 488 2099 725 2171; x_wconf 89' lang='lat' dir='ltr'><strong>memorando</strong></span> <span class='ocrx_word' id='word_1_117' title='bbox 743 2103 780 2171; x_wconf 95' lang='lat' dir='ltr'><strong>in</strong></span> <span class='ocrx_word' id='word_1_118' title='bbox 801 2117 941 2198; x_wconf 88' lang='lat' dir='ltr'><strong>partem</strong></span> <span class='ocrx_word' id='word_1_119' title='bbox 955 2104 1063 2176; x_wconf 91' lang='lat' dir='ltr'><strong>ullam</strong></span> <span class='ocrx_word' id='word_1_120' title='bbox 1081 2125 1225 2180; x_wconf 87' lang='lat' dir='ltr'><strong>eventu.</strong></span> 
     </span>
     <span class='ocr_line' id='line_1_18' title="bbox 169 2211 1227 2312; baseline 0.007 -28"><span class='ocrx_word' id='word_1_121' title='bbox 169 2214 250 2284; x_wconf 92' lang='lat' dir='ltr'><strong>Sole</strong></span> <span class='ocrx_word' id='word_1_122' title='bbox 267 2215 424 2298; x_wconf 92' lang='lat' dir='ltr'><strong>oriente,</strong></span> <span class='ocrx_word' id='word_1_123' title='bbox 445 2225 591 2309; x_wconf 90' lang='lat' dir='ltr'><strong>postero</strong></span> <span class='ocrx_word' id='word_1_124' title='bbox 612 2211 669 2281; x_wconf 91' lang='lat' dir='ltr'><strong>die</strong></span> <span class='ocrx_word' id='word_1_125' title='bbox 690 2213 817 2282; x_wconf 90' lang='lat' dir='ltr'><strong>armati</strong></span> <span class='ocrx_word' id='word_1_126' title='bbox 841 2213 1078 2312; x_wconf 88' lang='lat' dir='ltr'><strong>instructique</strong></span> <span class='ocrx_word' id='word_1_127' title='bbox 1101 2244 1227 2291; x_wconf 89' lang='lat' dir='ltr'><strong>omnes</strong></span> 
     </span>
     <span class='ocr_line' id='line_1_19' title="bbox 168 2322 1229 2420; baseline 0.007 -26"><span class='ocrx_word' id='word_1_128' title='bbox 168 2325 266 2396; x_wconf 93' lang='lat' dir='ltr'><strong>mille</strong></span> <span class='ocrx_word' id='word_1_129' title='bbox 284 2323 396 2394; x_wconf 83' lang='lat' dir='ltr'><strong>ferme</strong></span> <span class='ocrx_word' id='word_1_130' title='bbox 426 2347 550 2420; x_wconf 89' lang='lat' dir='ltr'><strong>passus</strong></span> <span class='ocrx_word' id='word_1_131' title='bbox 577 2322 704 2419; x_wconf 89' lang='lat' dir='ltr'><strong>procul</strong></span> <span class='ocrx_word' id='word_1_132' title='bbox 731 2347 751 2391; x_wconf 91' lang='lat' dir='ltr'><strong>a</strong></span> <span class='ocrx_word' id='word_1_133' title='bbox 776 2325 898 2393; x_wconf 91' lang='lat' dir='ltr'><strong>castris</strong></span> <span class='ocrx_word' id='word_1_134' title='bbox 929 2328 1087 2397; x_wconf 87' lang='lat' dir='ltr'><strong>romanis</strong></span> <span class='ocrx_word' id='word_1_135' title='bbox 1117 2333 1229 2401; x_wconf 86' lang='lat' dir='ltr'><strong>aciem</strong></span> 
     </span>
     <span class='ocr_line' id='line_1_20' title="bbox 170 2433 1229 2510; baseline 0.005 -5"><span class='ocrx_word' id='word_1_136' title='bbox 170 2434 370 2505; x_wconf 85' lang='lat' dir='ltr'><strong>ostendere.</strong></span> <span class='ocrx_word' id='word_1_137' title='bbox 406 2433 516 2504; x_wconf 89' lang='lat' dir='ltr'><strong>Medii</strong></span> <span class='ocrx_word' id='word_1_138' title='bbox 541 2433 710 2503; x_wconf 84' lang='lat' dir='ltr'><strong>Ausetani</strong></span> <span class='ocrx_word' id='word_1_139' title='bbox 738 2446 866 2503; x_wconf 89' lang='lat' dir='ltr'><strong>erant:</strong></span> <span class='ocrx_word' id='word_1_140' title='bbox 894 2458 1030 2505; x_wconf 91' lang='lat' dir='ltr'><strong>cornua</strong></span> <span class='ocrx_word' id='word_1_141' title='bbox 1061 2435 1229 2510; x_wconf 87' lang='lat' dir='ltr'><strong>dextrum</strong></span> 
     </span>
     <span class='ocr_line' id='line_1_21' title="bbox 169 2541 1227 2644; baseline 0.003 -28"><span class='ocrx_word' id='word_1_142' title='bbox 169 2547 360 2643; x_wconf 86' lang='lat' dir='ltr'><strong>Ilergetes,</strong></span> <span class='ocrx_word' id='word_1_143' title='bbox 374 2545 527 2615; x_wconf 79' lang='lat' dir='ltr'><strong>laevum²</strong></span> <span class='ocrx_word' id='word_1_144' title='bbox 544 2541 721 2640; x_wconf 84' lang='lat' dir='ltr'><strong>ignobiles</strong></span> <span class='ocrx_word' id='word_1_145' title='bbox 738 2541 911 2613; x_wconf 90' lang='lat' dir='ltr'><strong>tenebant</strong></span> <span class='ocrx_word' id='word_1_146' title='bbox 930 2543 1072 2640; x_wconf 90' lang='lat' dir='ltr'><strong>hispani</strong></span> <span class='ocrx_word' id='word_1_147' title='bbox 1089 2548 1227 2644; x_wconf 89' lang='lat' dir='ltr'><strong>populi.</strong></span> 
     </span>
     <span class='ocr_line' id='line_1_22' title="bbox 170 2652 1229 2749; baseline 0.002 -24"><span class='ocrx_word' id='word_1_148' title='bbox 170 2662 270 2726; x_wconf 91' lang='lat' dir='ltr'><strong>Inter</strong></span> <span class='ocrx_word' id='word_1_149' title='bbox 285 2681 421 2726; x_wconf 92' lang='lat' dir='ltr'><strong>cornua</strong></span> <span class='ocrx_word' id='word_1_150' title='bbox 437 2671 473 2726; x_wconf 89' lang='lat' dir='ltr'><strong>et</strong></span> <span class='ocrx_word' id='word_1_151' title='bbox 486 2653 640 2724; x_wconf 91' lang='lat' dir='ltr'><strong>mediam</strong></span> <span class='ocrx_word' id='word_1_152' title='bbox 655 2656 767 2724; x_wconf 89' lang='lat' dir='ltr'><strong>aciem</strong></span> <span class='ocrx_word' id='word_1_153' title='bbox 779 2652 964 2723; x_wconf 89' lang='lat' dir='ltr'><strong>intervalla</strong></span> <span class='ocrx_word' id='word_1_154' title='bbox 976 2657 1135 2749; x_wconf 89' lang='lat' dir='ltr'><strong>patentia</strong></span> <span class='ocrx_word' id='word_1_155' title='bbox 1147 2659 1229 2728; x_wconf 90' lang='lat' dir='ltr'><strong>satis</strong></span> 
     </span>
     <span class='ocr_line' id='line_1_23' title="bbox 171 2761 1229 2860; baseline 0.003 -26"><span class='ocrx_word' id='word_1_156' title='bbox 171 2764 241 2834; x_wconf 90' lang='lat' dir='ltr'><strong>late</strong></span> <span class='ocrx_word' id='word_1_157' title='bbox 253 2763 427 2850; x_wconf 80' lang='lat' dir='ltr'><strong>fecerant,</strong></span> <span class='ocrx_word' id='word_1_158' title='bbox 441 2788 512 2860; x_wconf 92' lang='lat' dir='ltr'><strong>qua</strong></span> <span class='ocrx_word' id='word_1_159' title='bbox 525 2765 746 2858; x_wconf 90' lang='lat' dir='ltr'><strong>equitatum,</strong></span> <span class='ocrx_word' id='word_1_160' title='bbox 763 2761 827 2832; x_wconf 91' lang='lat' dir='ltr'><strong>ubi</strong></span> <span class='ocrx_word' id='word_1_161' title='bbox 839 2776 983 2859; x_wconf 90' lang='lat' dir='ltr'><strong>tempus</strong></span> <span class='ocrx_word' id='word_1_162' title='bbox 1001 2777 1111 2850; x_wconf 90' lang='lat' dir='ltr'><strong>esset,</strong></span> <span class='ocrx_word' id='word_1_163' title='bbox 1128 2769 1229 2837; x_wconf 90' lang='lat' dir='ltr'><strong>emit·</strong></span> 
     </span>
     <span class='ocr_line' id='line_1_24' title="bbox 171 2871 1230 2969; baseline 0.003 -26"><span class='ocrx_word' id='word_1_164' title='bbox 171 2887 300 2944; x_wconf 91' lang='lat' dir='ltr'><strong>terent.</strong></span> <span class='ocrx_word' id='word_1_165' title='bbox 332 2878 376 2942; x_wconf 85' lang='lat' dir='ltr'><strong>Et</strong></span> <span class='ocrx_word' id='word_1_166' title='bbox 402 2873 573 2956; x_wconf 90' lang='lat' dir='ltr'><strong>Romani,</strong></span> <span class='ocrx_word' id='word_1_167' title='bbox 594 2895 695 2942; x_wconf 91' lang='lat' dir='ltr'><strong>more</strong></span> <span class='ocrx_word' id='word_1_168' title='bbox 716 2896 782 2941; x_wconf 90' lang='lat' dir='ltr'><strong>suo</strong></span> <span class='ocrx_word' id='word_1_169' title='bbox 807 2871 1004 2943; x_wconf 83' lang='lat' dir='ltr'><strong>exercitum</strong></span> <span class='ocrx_word' id='word_1_170' title='bbox 1033 2898 1147 2969; x_wconf 91' lang='lat' dir='ltr'><strong>quum</strong></span> <span class='ocrx_word' id='word_1_171' title='bbox 1172 2878 1230 2946; x_wconf 91' lang='lat' dir='ltr'><strong>in-</strong></span> 
     </span>
     <span class='ocr_line' id='line_1_25' title="bbox 173 2978 1231 3069; baseline 0.003 -16"><span class='ocrx_word' id='word_1_172' title='bbox 173 2982 405 3067; x_wconf 80' lang='lat' dir='ltr'><strong>struxissent,</strong></span> <span class='ocrx_word' id='word_1_173' title='bbox 429 2979 466 3050; x_wconf 92' lang='lat' dir='ltr'><strong>id</strong></span> <span class='ocrx_word' id='word_1_174' title='bbox 485 2978 595 3050; x_wconf 90' lang='lat' dir='ltr'><strong>modo</strong></span> <span class='ocrx_word' id='word_1_175' title='bbox 616 2980 775 3052; x_wconf 90' lang='lat' dir='ltr'><strong>hostium</strong></span> <span class='ocrx_word' id='word_1_176' title='bbox 792 2982 921 3051; x_wconf 88' lang='lat' dir='ltr'><strong>imitati</strong></span> <span class='ocrx_word' id='word_1_177' title='bbox 947 2996 1049 3069; x_wconf 93' lang='lat' dir='ltr'><strong>sunt,</strong></span> <span class='ocrx_word' id='word_1_178' title='bbox 1071 2998 1113 3054; x_wconf 92' lang='lat' dir='ltr'><strong>ut</strong></span> <span class='ocrx_word' id='word_1_179' title='bbox 1136 2986 1231 3058; x_wconf 91' lang='lat' dir='ltr'><strong>inter</strong></span> 
     </span>
    </p>
   </div>
   <div class='ocr_carea' id='block_1_2' title="bbox 114 3204 1238 3978">
    <p class='ocr_par' dir='ltr' id='par_1_3' title="bbox 114 3204 1238 3978">
     <span class='ocr_line' id='line_1_26' title="bbox 208 3204 1231 3272; baseline 0 -14"><span class='ocrx_word' id='word_1_180' title='bbox 208 3210 268 3258; x_wconf 73' lang='lat' dir='ltr'><strong>Car.</strong></span> <span class='ocrx_word' id='word_1_181' title='bbox 285 3211 319 3256; x_wconf 92' lang='lat' dir='ltr'><strong>II.</strong></span> <span class='ocrx_word' id='word_1_182' title='bbox 338 3222 361 3254; x_wconf 85' lang='lat'><strong>1.</strong></span> <span class='ocrx_word' id='word_1_183' title='bbox 379 3205 463 3253; x_wconf 86' lang='lat' dir='ltr'><strong>Prima</strong></span> <span class='ocrx_word' id='word_1_184' title='bbox 475 3204 625 3270; x_wconf 70' lang='lat' dir='ltr'><strong>negligendo.</strong></span> <span class='ocrx_word' id='word_1_185' title='bbox 639 3206 679 3252; x_wconf 86' lang='lat' dir='ltr'><strong>Sic</strong></span> <span class='ocrx_word' id='word_1_186' title='bbox 723 3216 748 3252; x_wconf 90' lang='lat' dir='ltr'><strong>et</strong></span> <span class='ocrx_word' id='word_1_187' title='bbox 755 3206 828 3263; x_wconf 83' lang='lat' dir='ltr'><strong>VIII,</strong></span> <span class='ocrx_word' id='word_1_188' title='bbox 844 3206 1110 3262; x_wconf 80' lang='lat' dir='ltr'><strong>12,n.11.1nhostico</strong></span> <span class='ocrx_word' id='word_1_189' title='bbox 1122 3210 1231 3272; x_wconf 79' lang='lat' dir='ltr'><strong>quaedam</strong></span> 
     </span>
     <span class='ocr_line' id='line_1_27' title="bbox 174 3281 1233 3348; baseline 0.005 -16"><span class='ocrx_word' id='word_1_190' title='bbox 174 3287 280 3334; x_wconf 87' lang='lat' dir='ltr'><strong>restituit</strong></span> <span class='ocrx_word' id='word_1_191' title='bbox 293 3285 425 3334; x_wconf 80' lang='lat' dir='ltr'><strong>Rhenanus</strong></span> <span class='ocrx_word' id='word_1_192' title='bbox 442 3299 487 3348; x_wconf 88' lang='lat' dir='ltr'><strong>pro</strong></span> <span class='ocrx_word' id='word_1_193' title='bbox 501 3282 595 3346; x_wconf 82' lang='lat' dir='ltr'><strong>primo,</strong></span> <span class='ocrx_word' id='word_1_194' title='bbox 613 3281 681 3344; x_wconf 87' lang='lat' dir='ltr'><strong>quod</strong></span> <span class='ocrx_word' id='word_1_195' title='bbox 725 3282 781 3330; x_wconf 84' lang='lat' dir='ltr'><strong>edd.</strong></span> <span class='ocrx_word' id='word_1_196' title='bbox 795 3294 856 3331; x_wconf 83' lang='lat' dir='ltr'><strong>antt.</strong></span> <span class='ocrx_word' id='word_1_197' title='bbox 869 3311 904 3320; x_wconf 88' lang='lat'>-</span> <span class='ocrx_word' id='word_1_198' title='bbox 919 3284 1063 3344; x_wconf 81' lang='lat' dir='ltr'><strong>Clementer,</strong></span> <span class='ocrx_word' id='word_1_199' title='bbox 1078 3289 1130 3334; x_wconf 82' lang='lat' dir='ltr'><strong>siue</strong></span> <span class='ocrx_word' id='word_1_200' title='bbox 1141 3287 1233 3337; x_wconf 84' lang='lat' dir='ltr'><strong>damno</strong></span> 
     </span>
     <span class='ocr_line' id='line_1_28' title="bbox 174 3362 1234 3431; baseline 0.005 -21"><span class='ocrx_word' id='word_1_201' title='bbox 174 3375 228 3412; x_wconf 86' lang='lat' dir='ltr'><strong>ante</strong></span> <span class='ocrx_word' id='word_1_202' title='bbox 240 3382 295 3412; x_wconf 90' lang='lat' dir='ltr'><strong>eum</strong></span> <span class='ocrx_word' id='word_1_203' title='bbox 308 3364 458 3428; x_wconf 83' lang='lat' dir='ltr'><strong>vulgabatur.</strong></span> <span class='ocrx_word' id='word_1_204' title='bbox 472 3363 611 3409; x_wconf 81' lang='lat' dir='ltr'><strong>Gronovius</strong></span> <span class='ocrx_word' id='word_1_205' title='bbox 624 3375 681 3424; x_wconf 88' lang='lat' dir='ltr'><strong>pro·</strong></span> <span class='ocrx_word' id='word_1_206' title='bbox 726 3371 750 3408; x_wconf 89' lang='lat' dir='ltr'><strong>et</strong></span> <span class='ocrx_word' id='word_1_207' title='bbox 761 3363 798 3421; x_wconf 86' lang='lat' dir='ltr'><strong>vi,</strong></span> <span class='ocrx_word' id='word_1_208' title='bbox 811 3377 864 3424; x_wconf 85' lang='lat' dir='ltr'><strong>quae</strong></span> <span class='ocrx_word' id='word_1_209' title='bbox 873 3363 901 3408; x_wconf 89' lang='lat' dir='ltr'><strong>in</strong></span> <span class='ocrx_word' id='word_1_210' title='bbox 911 3362 976 3410; x_wconf 88' lang='lat' dir='ltr'><strong>bello</strong></span> <span class='ocrx_word' id='word_1_211' title='bbox 987 3364 1051 3427; x_wconf 83' lang='lat' dir='ltr'><strong>agris</strong></span> <span class='ocrx_word' id='word_1_212' title='bbox 1063 3365 1166 3414; x_wconf 80' lang='lat' dir='ltr'><strong>infertur</strong></span> <span class='ocrx_word' id='word_1_213' title='bbox 1174 3383 1234 3431; x_wconf 82' lang='lat' dir='ltr'><strong>prae·</strong></span> 
     </span>
     <span class='ocr_line' id='line_1_29' title="bbox 173 3439 1009 3506; baseline -0.001 -16"><span class='ocrx_word' id='word_1_214' title='bbox 173 3445 245 3506; x_wconf 86' lang='lat' dir='ltr'><strong>ponit</strong></span> <span class='ocrx_word' id='word_1_215' title='bbox 252 3443 374 3506; x_wconf 80' lang='lat' dir='ltr'><strong>principio</strong></span> <span class='ocrx_word' id='word_1_216' title='bbox 381 3477 389 3499; x_wconf 96' lang='lat'><strong>,</strong></span> <span class='ocrx_word' id='word_1_217' title='bbox 406 3442 454 3488; x_wconf 89' lang='lat' dir='ltr'><strong>hoc</strong></span> <span class='ocrx_word' id='word_1_218' title='bbox 469 3452 520 3499; x_wconf 81' lang='lat' dir='ltr'><strong>eet,</strong></span> <span class='ocrx_word' id='word_1_219' title='bbox 534 3440 592 3486; x_wconf 86' lang='lat' dir='ltr'><strong>dum</strong></span> <span class='ocrx_word' id='word_1_220' title='bbox 605 3439 682 3505; x_wconf 83' lang='lat' dir='ltr'><strong>negli-</strong></span> <span class='ocrx_word' id='word_1_221' title='bbox 727 3439 809 3487; x_wconf 91' lang='lat' dir='ltr'><strong>dando</strong></span> <span class='ocrx_word' id='word_1_222' title='bbox 823 3452 847 3488; x_wconf 85' lang='lat' dir='ltr'><strong>et</strong></span> <span class='ocrx_word' id='word_1_223' title='bbox 857 3440 1009 3505; x_wconf 87' lang='lat' dir='ltr'><strong>populando.</strong></span> 
     </span>
     <span class='ocr_line' id='line_1_30' title="bbox 174 3517 1233 3584; baseline 0.001 -16"><span class='ocrx_word' id='word_1_224' title='bbox 174 3523 238 3584; x_wconf 85' lang='lat' dir='ltr'><strong>gitur</strong></span> <span class='ocrx_word' id='word_1_225' title='bbox 248 3522 407 3584; x_wconf 85' lang='lat' dir='ltr'><strong>principium,</strong></span> <span class='ocrx_word' id='word_1_226' title='bbox 420 3519 553 3566; x_wconf 88' lang='lat' dir='ltr'><strong>secundum</strong></span> <span class='ocrx_word' id='word_1_227' title='bbox 563 3517 624 3564; x_wconf 90' lang='lat' dir='ltr'><strong>illud</strong></span> <span class='ocrx_word' id='word_1_228' title='bbox 633 3518 683 3565; x_wconf 87' lang='lat' dir='ltr'><strong>Na·</strong></span> <span class='ocrx_word' id='word_1_229' title='bbox 764 3534 787 3566; x_wconf 77' lang='lat' dir='ltr'><strong>a.</strong></span> <span class='ocrx_word' id='word_1_230' title='bbox 805 3517 903 3565; x_wconf 84' lang='lat' dir='ltr'><strong>Cornua</strong></span> <span class='ocrx_word' id='word_1_231' title='bbox 925 3517 968 3584; x_wconf 88' lang='lat' dir='ltr'><strong>(et</strong></span> <span class='ocrx_word' id='word_1_232' title='bbox 987 3518 1101 3584; x_wconf 83' lang='lat' dir='ltr'><strong>quidem)</strong></span> <span class='ocrx_word' id='word_1_233' title='bbox 1121 3521 1233 3570; x_wconf 72' lang='lat' dir='ltr'><strong>dextrum</strong></span> 
     </span>
     <span class='ocr_line' id='line_1_31' title="bbox 175 3596 1233 3662; baseline 0.005 -17"><span class='ocrx_word' id='word_1_234' title='bbox 175 3602 240 3646; x_wconf 78' lang='lat' dir='ltr'><strong>sonia</strong></span> <span class='ocrx_word' id='word_1_235' title='bbox 244 3598 372 3662; x_wconf 81' lang='lat' dir='ltr'><strong>principiis</strong></span> <span class='ocrx_word' id='word_1_236' title='bbox 381 3599 459 3645; x_wconf 86' lang='lat' dir='ltr'><strong>obsta.</strong></span> <span class='ocrx_word' id='word_1_237' title='bbox 469 3598 517 3644; x_wconf 87' lang='lat' dir='ltr'><strong>Sed</strong></span> <span class='ocrx_word' id='word_1_238' title='bbox 529 3607 598 3644; x_wconf 87' lang='lat' dir='ltr'><strong>vetus</strong></span> <span class='ocrx_word' id='word_1_239' title='bbox 610 3596 682 3644; x_wconf 88' lang='lat' dir='ltr'><strong>lectio</strong></span> <span class='ocrx_word' id='word_1_240' title='bbox 728 3597 852 3661; x_wconf 83' lang='lat' dir='ltr'><strong>Ilergetes,</strong></span> <span class='ocrx_word' id='word_1_241' title='bbox 864 3597 960 3654; x_wconf 76' lang='lat' dir='ltr'><strong>toevum,</strong></span> <span class='ocrx_word' id='word_1_242' title='bbox 973 3609 1019 3646; x_wconf 90' lang='lat' dir='ltr'><strong>ete.</strong></span> <span class='ocrx_word' id='word_1_243' title='bbox 1034 3599 1099 3645; x_wconf 85' lang='lat' dir='ltr'><strong>conf.</strong></span> <span class='ocrx_word' id='word_1_244' title='bbox 1110 3599 1233 3650; x_wconf 85' lang='lat' dir='ltr'><strong>Drakenb.</strong></span> 
     </span>
     <span class='ocr_line' id='line_1_32' title="bbox 171 3675 1232 3742; baseline 0.001 -18"><span class='ocrx_word' id='word_1_245' title='bbox 171 3677 399 3742; x_wconf 80' lang='lat' dir='ltr'><strong>primoCreverium</strong></span> <span class='ocrx_word' id='word_1_246' title='bbox 410 3693 461 3723; x_wconf 91' lang='lat' dir='ltr'><strong>non</strong></span> <span class='ocrx_word' id='word_1_247' title='bbox 475 3675 590 3732; x_wconf 86' lang='lat' dir='ltr'><strong>offendit,</strong></span> <span class='ocrx_word' id='word_1_248' title='bbox 600 3676 642 3739; x_wconf 90' lang='lat' dir='ltr'><strong>qui</strong></span> <span class='ocrx_word' id='word_1_249' title='bbox 650 3677 685 3721; x_wconf 84' lang='lat' dir='ltr'><strong>in-</strong></span> <span class='ocrx_word' id='word_1_250' title='bbox 730 3675 808 3722; x_wconf 78' lang='lat' dir='ltr'><strong>cornu</strong></span> <span class='ocrx_word' id='word_1_251' title='bbox 820 3687 880 3723; x_wconf 83' lang='lat' dir='ltr'><strong>vett.</strong></span> <span class='ocrx_word' id='word_1_252' title='bbox 890 3675 946 3722; x_wconf 86' lang='lat' dir='ltr'><strong>edd.</strong></span> <span class='ocrx_word' id='word_1_253' title='bbox 964 3701 998 3711; x_wconf 90' lang='lat'><strong>-·</strong></span> <span class='ocrx_word' id='word_1_254' title='bbox 1015 3678 1069 3738; x_wconf 81' lang='lat' dir='ltr'><strong>Qua</strong></span> <span class='ocrx_word' id='word_1_255' title='bbox 1081 3677 1232 3740; x_wconf 84' lang='lat' dir='ltr'><strong>equitatum,</strong></span> 
     </span>
     <span class='ocr_line' id='line_1_33' title="bbox 176 3754 1235 3819; baseline 0.002 -16"><span class='ocrx_word' id='word_1_256' title='bbox 176 3757 277 3818; x_wconf 85' lang='lat' dir='ltr'><strong>telligit,</strong></span> <span class='ocrx_word' id='word_1_257' title='bbox 294 3755 440 3819; x_wconf 83' lang='lat' dir='ltr'><strong>negligendo</strong></span> <span class='ocrx_word' id='word_1_258' title='bbox 455 3771 484 3802; x_wconf 88' lang='lat' dir='ltr'><strong>eo</strong></span> <span class='ocrx_word' id='word_1_259' title='bbox 497 3755 565 3818; x_wconf 90' lang='lat' dir='ltr'><strong>quod</strong></span> <span class='ocrx_word' id='word_1_260' title='bbox 579 3756 685 3819; x_wconf 89' lang='lat' dir='ltr'><strong>primum</strong></span> <span class='ocrx_word' id='word_1_261' title='bbox 730 3754 772 3802; x_wconf 82' lang='lat' dir='ltr'><strong>ubi</strong></span> <span class='ocrx_word' id='word_1_262' title='bbox 785 3766 876 3818; x_wconf 81' lang='lat' dir='ltr'><strong>tempus</strong></span> <span class='ocrx_word' id='word_1_263' title='bbox 889 3765 960 3810; x_wconf 90' lang='lat' dir='ltr'><strong>esset,</strong></span> <span class='ocrx_word' id='word_1_264' title='bbox 974 3754 1124 3812; x_wconf 82' lang='lat' dir='ltr'><strong>emitterent·;</strong></span> <span class='ocrx_word' id='word_1_265' title='bbox 1137 3756 1194 3805; x_wconf 88' lang='lat' dir='ltr'><strong>vide</strong></span> <span class='ocrx_word' id='word_1_266' title='bbox 1204 3758 1235 3805; x_wconf 83' lang='lat' dir='ltr'><strong>ad</strong></span> 
     </span>
     <span class='ocr_line' id='line_1_34' title="bbox 177 3832 1238 3896; baseline -0.001 -13"><span class='ocrx_word' id='word_1_267' title='bbox 177 3846 246 3883; x_wconf 83' lang='lat' dir='ltr'><strong>esset.</strong></span> <span class='ocrx_word' id='word_1_268' title='bbox 259 3835 371 3891; x_wconf 84' lang='lat' dir='ltr'><strong>Certe‚si</strong></span> <span class='ocrx_word' id='word_1_269' title='bbox 384 3833 444 3896; x_wconf 89' lang='lat' dir='ltr'><strong>quid</strong></span> <span class='ocrx_word' id='word_1_270' title='bbox 456 3833 684 3892; x_wconf 83' lang='lat' dir='ltr'><strong>mutandum,malo</strong></span> <span class='ocrx_word' id='word_1_271' title='bbox 727 3835 780 3891; x_wconf 87' lang='lat'><strong>111,</strong></span> <span class='ocrx_word' id='word_1_272' title='bbox 793 3849 838 3892; x_wconf 83' lang='lat'><strong>70,</strong></span> <span class='ocrx_word' id='word_1_273' title='bbox 855 3849 881 3879; x_wconf 90' lang='lat' dir='ltr'><strong>n.</strong></span> <span class='ocrx_word' id='word_1_274' title='bbox 893 3848 921 3890; x_wconf 79' lang='lat' dir='ltr'><strong>a,</strong></span> <span class='ocrx_word' id='word_1_275' title='bbox 936 3843 960 3879; x_wconf 92' lang='lat' dir='ltr'><strong>et</strong></span> <span class='ocrx_word' id='word_1_276' title='bbox 973 3836 1011 3890; x_wconf 82' lang='lat' dir='ltr'><strong>X,</strong></span> <span class='ocrx_word' id='word_1_277' title='bbox 1029 3832 1054 3890; x_wconf 85' lang='lat'><strong>5,</strong></span> <span class='ocrx_word' id='word_1_278' title='bbox 1069 3849 1095 3881; x_wconf 90' lang='lat' dir='ltr'><strong>n.</strong></span> <span class='ocrx_word' id='word_1_279' title='bbox 1107 3841 1131 3888; x_wconf 74' lang='grc'><strong>4.</strong></span> <span class='ocrx_word' id='word_1_280' title='bbox 1150 3863 1185 3871; x_wconf 92' lang='lat'><strong>—-</strong></span> <span class='ocrx_word' id='word_1_281' title='bbox 1204 3837 1238 3884; x_wconf 87' lang='lat' dir='ltr'><strong>ld</strong></span> 
     </span>
     <span class='ocr_line' id='line_1_35' title="bbox 114 3910 1236 3978; baseline -0.002 -18"><span class='ocrx_word' id='word_1_282' title='bbox 114 3925 124 3944; x_wconf 73' lang='lat'><em>0</em></span> <span class='ocrx_word' id='word_1_283' title='bbox 174 3914 269 3978; x_wconf 83' lang='lat' dir='ltr'><strong>prima,</strong></span> <span class='ocrx_word' id='word_1_284' title='bbox 291 3924 319 3958; x_wconf 89' lang='lat' dir='ltr'><strong>ut</strong></span> <span class='ocrx_word' id='word_1_285' title='bbox 336 3913 364 3963; x_wconf 76' lang='grc' dir='ltr'><strong>τὸ</strong></span> <span class='ocrx_word' id='word_1_286' title='bbox 380 3913 462 3976; x_wconf 73' lang='lat' dir='ltr'><strong>primo</strong></span> <span class='ocrx_word' id='word_1_287' title='bbox 483 3928 514 3960; x_wconf 83' lang='lat' dir='ltr'><strong>ex</strong></span> <span class='ocrx_word' id='word_1_288' title='bbox 531 3913 685 3961; x_wconf 88' lang='lat' dir='ltr'><strong>librariorum</strong></span> <span class='ocrx_word' id='word_1_289' title='bbox 729 3910 801 3959; x_wconf 87' lang='lat' dir='ltr'><strong>modo</strong></span> <span class='ocrx_word' id='word_1_290' title='bbox 814 3910 917 3958; x_wconf 71' lang='lat' dir='ltr'><strong>lordum</strong></span> <span class='ocrx_word' id='word_1_291' title='bbox 929 3911 1082 3971; x_wconf 81' lang='lat' dir='ltr'><strong>institutum,</strong></span> <span class='ocrx_word' id='word_1_292' title='bbox 1099 3912 1126 3958; x_wconf 86' lang='lat' dir='ltr'><strong>id</strong></span> <span class='ocrx_word' id='word_1_293' title='bbox 1142 3925 1236 3962; x_wconf 80' lang='lat' dir='ltr'><strong>tantum</strong></span> 
     </span>
    </p>
   </div>
   <div class='ocr_carea' id='block_1_3' title="bbox 101 3988 1238 4053">
    <p class='ocr_par' dir='ltr' id='par_1_4' title="bbox 101 3988 1238 4053">
     <span class='ocr_line' id='line_1_36' title="bbox 101 3988 1238 4053; baseline 0.001 -13"><span class='ocrx_word' id='word_1_294' title='bbox 101 4018 104 4023; x_wconf 50' lang='lat'><strong>⁴</strong></span> <span class='ocrx_word' id='word_1_295' title='bbox 178 4009 260 4040; x_wconf 89' lang='lat' dir='ltr'><strong>errore</strong></span> <span class='ocrx_word' id='word_1_296' title='bbox 274 4003 353 4040; x_wconf 85' lang='lat' dir='ltr'><strong>ortum</strong></span> <span class='ocrx_word' id='word_1_297' title='bbox 366 3992 405 4040; x_wconf 86' lang='lat' dir='ltr'><strong>sit.</strong></span> <span class='ocrx_word' id='word_1_298' title='bbox 418 3993 621 4049; x_wconf 73' lang='lat' dir='ltr'><strong>liu-Hostiae,</strong></span> <span class='ocrx_word' id='word_1_299' title='bbox 634 4003 685 4039; x_wconf 84' lang='lat' dir='ltr'><strong>tan-</strong></span> <span class='ocrx_word' id='word_1_300' title='bbox 729 4007 760 4038; x_wconf 84' lang='lat' dir='ltr'><strong>ex</strong></span> <span class='ocrx_word' id='word_1_301' title='bbox 777 3993 820 4048; x_wconf 80' lang='lat' dir='ltr'><strong>ils,</strong></span> <span class='ocrx_word' id='word_1_302' title='bbox 836 4005 890 4053; x_wconf 88' lang='lat' dir='ltr'><strong>quae</strong></span> <span class='ocrx_word' id='word_1_303' title='bbox 909 3988 991 4036; x_wconf 82' lang='lat' dir='ltr'><strong>hostes</strong></span> <span class='ocrx_word' id='word_1_304' title='bbox 1008 3990 1130 4050; x_wconf 84' lang='lat' dir='ltr'><strong>fecerant,</strong></span> <span class='ocrx_word' id='word_1_305' title='bbox 1149 3993 1238 4042; x_wconf 81' lang='lat' dir='ltr'><strong>imitati</strong></span> 
     </span>
    </p>
   </div>
   <div class='ocr_carea' id='block_1_4' title="bbox 179 4070 909 4136">
    <p class='ocr_par' dir='ltr' id='par_1_5' title="bbox 179 4070 909 4136">
     <span class='ocr_line' id='line_1_37' title="bbox 179 4070 909 4136; baseline -0.007 -17"><span class='ocrx_word' id='word_1_306' title='bbox 179 4089 253 4136; x_wconf 88' lang='lat' dir='ltr'><strong>quam</strong></span> <span class='ocrx_word' id='word_1_307' title='bbox 261 4082 369 4135; x_wconf 81' lang='lat' dir='ltr'><strong>parato,·</strong></span> <span class='ocrx_word' id='word_1_308' title='bbox 387 4072 443 4119; x_wconf 87' lang='lat' dir='ltr'><strong>vide</strong></span> <span class='ocrx_word' id='word_1_309' title='bbox 457 4070 488 4117; x_wconf 86' lang='lat' dir='ltr'><strong>ad</strong></span> <span class='ocrx_word' id='word_1_310' title='bbox 498 4073 547 4129; x_wconf 88' lang='lat' dir='ltr'><strong>Vl,</strong></span> <span class='ocrx_word' id='word_1_311' title='bbox 561 4073 607 4130; x_wconf 80' lang='lat'><strong>31,</strong></span> <span class='ocrx_word' id='word_1_312' title='bbox 620 4088 646 4118; x_wconf 87' lang='lat' dir='ltr'><strong>n.</strong></span> <span class='ocrx_word' id='word_1_313' title='bbox 657 4071 685 4130; x_wconf 79' lang='lat'><strong>3,</strong></span> <span class='ocrx_word' id='word_1_314' title='bbox 729 4080 795 4124; x_wconf 82' lang='lat' dir='ltr'><strong>runt,</strong></span> <span class='ocrx_word' id='word_1_315' title='bbox 808 4079 848 4125; x_wconf 84' lang='lat' dir='ltr'><strong>ut,</strong></span> <span class='ocrx_word' id='word_1_316' title='bbox 863 4078 909 4115; x_wconf 87' lang='lat' dir='ltr'><strong>ete.</strong></span> 
     </span>
    </p>
   </div>
   <div class='ocr_carea' id='block_1_5' title="bbox 303 4162 1047 4252">
    <p class='ocr_par' dir='ltr' id='par_1_6' title="bbox 303 4162 1047 4252">
     <span class='ocr_line' id='line_1_38' title="bbox 303 4162 1047 4252; baseline -0.004 -24"><span class='ocrx_word' id='word_1_317' title='bbox 303 4162 378 4228; x_wconf 91' lang='lat' dir='ltr'><strong>V..</strong></span> <span class='ocrx_word' id='word_1_318' title='bbox 1001 4181 1047 4252; x_wconf 80' lang='lat'><strong>²9</strong></span> 
     </span>
    </p>
   </div>
   <div class='ocr_carea' id='block_1_6' title="bbox 0 0 1416 4574">
    <p class='ocr_par' dir='ltr' id='par_1_7' title="bbox 0 0 1416 4574">
     <span class='ocr_line' id='line_1_39' title="bbox 0 0 1416 4574; baseline 0 0"><span class='ocrx_word' id='word_1_319' title='bbox 0 0 1416 4574; x_wconf 95' lang='lat' dir='ltr'><strong> </strong></span> 
     </span>
    </p>
   </div>
  </div>
 </body>
</html>
