2768 4574
1125 307 1152 343 a.
1163 304 1189 345 C·
1202 306 1252 343 aot.

207 358 273 429 292
610 329 650 394 T.
686 328 825 395 LlVll
1124 362 1188 405 uc.
1201 364 1251 411 saa.

205 447 387 551 spectus3,
411 474 455 519 eo
475 450 628 519 solutior
647 462 742 534 erat,
766 462 803 518 et
826 446 1029 517 libertatem
1055 464 1176 543 quum
1197 446 1281 523 aliis

202 586 331 633 vanam
348 559 581 647 ostendisset,
598 573 709 629 totam
726 559 763 628 in
779 579 881 627 suam
896 556 1075 627 licentiam
1090 569 1277 627 verterat:

204 671 431 768 nequeenim
446 669 568 739 omnia
578 665 721 738 emebat
735 681 796 738 aut
813 664 1104 753 eblandiebatur,
1120 664 1189 737 sed
1200 668 1280 737 vim

204 782 317 853 etiam·
329 779 472 874 flagitiis
490 776 706 864 adhibebat3
729 776 1046 874 periculosumque
1068 791 1104 847 et
1126 776 1218 848 viris
1241 793 1279 849 ct

202 887 414 988 parentibus
425 901 500 958 erat
510 911 666 970 ,moram
681 886 911 957 incommoda
928 888 1115 978 severitate
1126 885 1281 959 libidini

204 1001 310 1097 reg-iae
339 997 473 1069 fecisse.
504 998 576 1067 Uni
603 998 708 1066 etiam
736 997 893 1093 principi
918 994 1132 1066 Achaeorum
1161 1001 1280 1068 Arato

201 1112 370 1207 adempta
381 1132 473 1179 uxor
483 1109 631 1178 nomine
646 1108 845 1201 Polycratia
854 1152 873 1195 ,-
883 1130 927 1212 ac¹
937 1129 1001 1202 spe
1009 1106 1198 1201 regiarum
1211 1133 1281 1178 uu·

200 1224 360 1318 ptiarum
382 1221 419 1287 in
435 1217 685 1289 illacedoniam
707 1215 916 1314 absportata
935 1214 1088 1286 fueratt.
1108 1219 1179 1287 Per
1199 1218 1281 1289 haec

200 1314 333 1429 flagitia
351 1329 493 1399 solenni
513 1331 733 1399 Nemeorum
750 1342 897 1424 peracto
916 1327 1114 1423 paucisque
1139 1326 1280 1399 additis

201 1442 349 1527 diebus,
369 1444 504 1536 Dymas
530 1454 584 1510 est
610 1437 815 1536 profectus,
839 1438 885 1508 ad
910 1435 1118 1534 praesidium
1135 1438 1280 1509 AEtolo-

202 1577 303 1640 rum,
324 1550 423 1647 quod
443 1549 489 1621 ab
509 1551 602 1620 Eleis
621 1549 773 1619 accitum
798 1561 1061 1645 acceptumque
1080 1546 1120 1616 in
1139 1546 1278 1620 urbem

202 1677 297 1749 erat,
316 1659 544 1756 ejiciendum.
565 1655 772 1755 Cycliadas⁵
788 1658 920 1756 (penes
935 1682 1017 1729 eum
1040 1679 1186 1729 summa
1206 1660 1279 1731 im·-

201 1775 295 1871 perii
321 1771 423 1863 er'at)
446 1771 639 1867 Achaeique
666 1771 709 1841 ad
739 1776 871 1866 Dymas
894 1770 981 1866 regi
995 1791 1218 1859 occurrere,
1240 1786 1279 1842 et

199 1883 370 1954 Eleorum
393 1883 533 1952 accensi
554 1881 657 1965 odio,
676 1879 775 1974 quod
792 1904 813 1949 a
828 1880 963 1950 caeteris
977 1878 1115 1951 Achaeis
1134 1878 1279 1953 dissert&

202 1991 334 2070 tirent,
365 2002 402 2057 et
436 1985 567 2058 infensi
600 1987 743 2075 AEtolis,
778 2013 871 2085 quos
902 2012 1092 2059 romanum
1120 2014 1277 2089 quoque

201 2098 373 2169 adversus
399 2122 436 2168 se
465 2099 617 2168 movisse
640 2097 1009 2170 bellum-credebant.
1040 2095 1202 2171 Profecti
1229 2101 1277 2173 ab

200 2197 326 2304 Dymis
355 2208 552 2302 conjuncto
589 2211 749 2280 exercitu
779 2225 969 2280 transeunt
998 2211 1163 2283 Larisum
1197 2238 1273 2283 am·

201 2313 323 2405 nem⁶,
344 2318 407 2412 qui
427 2317 546 2388 eleum
565 2340 690 2414 agrum
708 2318 753 2389 ab
767 2319 909 2416 ''dyrnaeo
926 2318 1072 2389 dirimit.

200 2495 430 2562 elicitur:ap.Virg.
442 2501 474 2546 G.
488 2498 527 2556 11,
540 2499 605 2558 288,
618 2497 711 2562 forsan
756 2527 791 2536 -
808 2498 907 2562 Dyman
929 2516 972 2548 eeu
990 2503 1086 2568 Dyme,
1104 2502 1165 2550 urbe
1185 2504 1274 2554 mtinu

198 2587 223 2623 et
234 2575 356 2624 scrobibus
369 2592 424 2641 quae
434 2576 482 2624 sint
484 2575 592 2642 fastigia
605 2594 710 2641 quoeras.
755 2578 873 2635 Achaiae,
889 2578 921 2627 ab
939 2579 1017 2637 Eleia,
1032 2579 1174 2629 AEtolorum
1199 2584 1274 2633 eoeiie

198 2656 258 2704 vid.
275 2672 373 2720 quoque
387 2657 457 2702 Varr.
477 2658 515 2703 Re
532 2658 603 2703 Rust.
620 2660 645 2715 Ι,
664 2665 710 2714 ι4,
756 2655 820 2722 (vid.
835 2657 923 2721 Polyb.
938 2654 982 2717 IV,
998 2659 1026 2715 5,
1036 2660 1066 2718 6,
1083 2657 1131 2723 9),
1141 2660 1274 2725 aliquoties

192 2725 402 2801 fossafastigiuria
413 2735 494 2784 babet.
504 2738 548 2783 En.
756 2748 840 2800 eapta3
860 2737 912 2785 vid.
930 2734 1018 2801 Polyb.
1035 2736 1076 2796 II,
1097 2745 1129 2794 41
1140 2755 1149 2797 ς
1162 2738 1212 2799 lV,
1226 2742 1274 2805 59,

228 2810 712 2877 6.Quoniinuscoaspectuserat,quo
756 2814 1272 2877 60‚83;V,'3,17‚3o,9r;Peueeu.
1374 2830 1382 2891 ξ

200 2895 281 2942 minua
292 2895 371 2943 oculis
381 2893 556 2950 denotabatur,
573 2908 648 2955 quum
663 2892 711 2955 pri·
756 2894 815 2952 vn,
830 2892 1123 2954 17‚etinf.adxxx11,
1135 2910 1180 2955 ar,
1191 2914 1219 2946 n.
1232 2906 1273 2955 ¹4·

200 2975 350 3022 vatohabitu
357 2983 504 3035 grassaretur
513 2972 595 3018 multis
605 2972 712 3034 ignotus,
795 2972 817 3020 5.
834 2971 977 3035 Cycliadan
991 2972 1043 3022 vid.
1060 2972 1117 3021 Iud.
1135 2984 1162 3021 et
1176 2974 1226 3025 inf.
1243 2978 1275 3025 ed

200 3032 310 3109 invisus,
326 3052 404 3098 Gron.
419 3050 491 3096 Conf.
501 3046 533 3096 ad
544 3051 582 3106 ll,
596 3049 624 3106 5,
641 3067 666 3096 n.
682 3051 712 3107 8,
756 3052 861 3108 XXXI,
873 3050 915 3109 25,
925 3067 950 3099 n.
961 3052 985 3099 3.

202 3138 226 3176 e't
246 3127 358 3177 Juvenal.
373 3128 449 3185 VIII,
472 3135 528 3182 rto.
552 3130 589 3174 De
609 3128 712 3175 libidine
769 3132 771 3137 '
792 3129 816 3176 6.
830 3132 888 3176 Lar.
902 3142 1013 3186 amttam,
1031 3129 1075 3193 qui
1091 3128 1170 3179 eleum
1184 3148 1276 3199 agroue

201 3208 266 3254 foeda
275 3205 396 3268 Philippi,
408 3205 480 3268 Argis
494 3207 614 3264 exercita,
630 3207 713 3254 eadem
757 3204 789 3255 ab
797 3206 899 3270 dymcco,
907 3208 1017 3271 adeoque
1023 3207 1119 3257 Elidem
1129 3207 1275 3274 abthete,

201 3284 276 3332 tradit
288 3283 375 3347 Polyb.
385 3282 420 3340 X,
431 3284 476 3341 26,
487 3286 529 3346 qui
541 3287 612 3333 etiarn
623 3286 714 3332 ibidem
759 3286 858 3335 dirimit.
871 3288 1075 3344 encaustum,
1089 3291 1138 3348 26;
1150 3288 1218 3351 vn,
1230 3309 1274 3355 ης

203 3364 280 3414 eth,
294 3376 335 3421 77,
347 3360 461 3420 mvn,
477 3380 504 3410 ια
517 3380 553 3427 sq.
568 3376 592 3411 et
605 3366 656 3421 IX,
667 3368 712 3420 23,
759 3369 839 3428 VIII,
855 3386 904 3431 49,
915 3370 958 3417 cui
968 3364 1072 3436 Λάρισος
1081 3366 1192 3433 dicium
1207 3375 1276 3425 unda

202 3451 297 3497 monet,
313 3457 367 3488 eum
379 3442 473 3505 egregia
487 3443 571 3489 indole
584 3443 714 3506 praeditum
758 3445 869 3491 larisam
878 3461 924 3508 pro
935 3444 1057 3493 Larissam
1066 3444 1146 3495 edidit
1155 3450 1238 3501 Drak.
1246 3454 1276 3501 In

200 3521 355 3587 primumque
376 3521 490 3568 omnibus
506 3522 600 3568 Graecis
621 3521 714 3568 adama·
757 3523 842 3586 praelio
859 3524 890 3570 ad
907 3524 973 3571 hunc
992 3522 1092 3572 lluvium
1112 3532 1130 3574 ι’
1146 3528 1278 3596 Philopo-

199 3612 267 3658 turn,
282 3599 324 3646 sed
339 3600 487 3663 procedente
500 3611 569 3647 aetate
579 3616 610 3645 ex
619 3602 714 3664 optimo
758 3619 840 3659 mene,
852 3604 967 3669 magistro
981 3602 1018 3650 vel
1032 3604 1152 3667 praefecto
1162 3610 1279 3673 equitnm

200 3682 313 3744 principe
324 3682 350 3727 in
363 3681 441 3727 lerum
455 3692 583 3744 tyrannum
594 3692 711 3728 mutatum
757 3682 923 3739 Achaeorum,
950 3680 1172 3749 Demophautum,
1200 3692 1280 3756 megi.

202 3761 283 3806 luisse.
756 3771 832 3806 strum
845 3763 954 3825 equitum
966 3756 1099 3829 Eleorum,
1111 3764 1193 3815 fuluo
1204 3769 1281 3819 intu-

236 3848 260 3894 4.
271 3837 381 3901 Ptincipi
390 3834 501 3883 Acharor.
510 3838 587 3882 Arato
597 3835 711 3901 adempta
755 3839 858 3899 fectum,
870 3840 1036 3902 aequitatum
1046 3838 1191 3893 AEtolorum
1204 3848 1281 3899 'eo-

201 3932 266 3963 uxor
274 3917 371 3962 nornine
383 3914 531 3977 Polycratia,
541 3931 571 3961 ac
583 3931 624 3979 spe
632 3916 711 3982 regia·
755 3918 983 3982 rumquefugaturn3
994 3919 1284 3989 doreneveuunxm,

201 4013 253 4042 rum
270 3993 410 4057 ariptiarum
430 3993 454 4039 in
471 3992 642 4042 Macedoniam
657 3996 710 4043 abs·
756 4007 788 4057 ‘¹9
802 4008 864 4046 extr.
879 4009 904 4045 et
919 3999 982 4046 Plut.
998 3999 1097 4065 Pbilop.
1111 4018 1141 4067 p.
1157 4004 1222 4055 360.
1241 4008 1284 4057 Ab

194 4071 314 4138 ‘portatas
327 4070 385 4117 vide
399 4071 430 4117 ad
443 4068 558 4131 xxx'u,
572 4090 619 4130 ar,
634 4090 658 4120 n.
672 4091 709 4122 ro.
755 4077 801 4123 liae
814 4094 904 4141 pugna,
918 4078 948 4125 de
961 4094 1008 4142 qua
1022 4078 1073 4127 vid.
1086 4096 1109 4129 c.
1121 4082 1169 4145 aa,
1179 4088 1286 4137 monui.
