2768 4574
208 327 328 430 3:33323:
357 344 452 410 mn.
478 344 619 426 xxm.
647 344 751 411 car.
780 345 963 411 xxvnr.
990 344 1129 413 xxix.
1168 344 1232 415 501

183 465 268 552 dus,
285 486 405 557 neque
424 461 518 547 dux,
534 485 644 558 quem
660 476 907 557 opponerent,
924 477 1008 533 erat.
1019 463 1239 551 Hasdrubal,

184 573 349 668 Gisgonis
363 571 472 656 filius,
488 595 637 667 genere,
650 567 759 657 fama,
770 570 917 659 divitiis,
932 573 1027 668 regia
1042 587 1117 643 tum
1133 576 1238 645 etiarn

184 680 391 766 affinitates,
411 681 517 778 longe
543 681 681 778 primus
701 681 853 751 civitatis
878 696 977 752 erat:
998 682 1061 752 sed
1088 709 1169 754 eum
1189 685 1238 758 'ab

183 791 245 862 illo
259 793 337 888 ipso
352 790 519 887 Scipione
536 789 672 886 aliquot
686 790 814 888 praeliis
830 788 951 860 fusum
968 791 1185 888 pulsumque
1202 797 1241 865 in

184 901 354 998 Hispania
370 900 602 985 meminerat,
625 923 692 970 nec
710 901 822 996 magis
840 900 971 971 ducem
992 901 1078 973 duci
1099 927 1241 999 parem,

185 1035 293 1106 quam
317 1008 592 1080 tumultuarium
613 1012 810 1080 exercitum
834 1036 938 1082 suurn
963 1037 1115 1083 romano
1140 1039 1242 1085 exer-

185 1116 271 1189 citui
293 1143 379 1190 esse.
410 1126 551 1216 Itaque,
579 1119 677 1191 velut
699 1121 728 1191 si
754 1118 882 1192 urbem
902 1122 1084 1219 extemplo
1107 1147 1244 1219 aggres-

186 1253 290 1299 surus
304 1230 422 1326 Scipio
435 1227 544 1317 foret,
559 1231 608 1300 ita
625 1229 670 1300 ad
684 1255 781 1300 arma
795 1245 848 1301 est
863 1230 1143 1319 conclamatum,
1158 1257 1244 1329 por·

185 1352 303 1435 taeque
322 1341 452 1437 raptim
469 1339 612 1427 clausae,
635 1354 670 1411 et
689 1341 815 1411 armati
837 1342 875 1409 in
898 1343 1027 1428 muris,
1044 1343 1244 1438 vigiliaque

186 1462 222 1519 et
241 1450 411 1520 stationes
429 1449 623 1544 dispositae,
650 1475 690 1521 ac
711 1465 817 1520 nocte
836 1451 1042 1547 insequenti
1061 1452 1244 1548 vigilatum

186 1573 250 1630 est.
279 1563 425 1630 Postero
452 1560 511 1631 die
535 1562 726 1657 quingenti
752 1547 891 1656 equites
901 1557 928 1648 ⁵,
952 1562 1174 1658 speculatum
1201 1562 1246 1632 ad

187 1693 284 1740 mare
301 1667 575 1766 turbandosque
596 1669 820 1767 egredientes
839 1694 883 1739 ex
901 1669 1052 1740 navibus
1073 1673 1189 1758 missi,
1208 1673 1247 1741 in

188 1780 359 1850 stationes
378 1785 625 1851 Romanorum
650 1780 864 1851 inciderunt.
888 1786 966 1850 Jam
989 1782 1085 1851 enim
1108 1783 1246 1879 Scipio,

188 1887 296 1960 classe
310 1891 449 1961 Uticam
463 1892 587 1976 missa,
603 1891 678 1988 ipse
693 1889 790 1960 haud
804 1891 852 1960 ita
870 1889 1023 1960 multum
1037 1914 1247 1988 progressus

169 2030 171 2035 ·
189 2021 209 2066 a
226 1999 333 2085 mari,
345 2000 511 2088 ‘tumulos
529 2001 712 2096 proximos
734 2013 892 2096 ceperat3
909 2000 1048 2094 equites
1064 2014 1099 2069 et
1120 2000 1157 2069 in
1175 2015 1245 2070 sta-

190 2107 351 2178 tionibus
371 2110 457 2180 locis
476 2110 616 2181 idoneis
632 2116 822 2207 posucrat,
836 2124 872 2181 et
890 2133 955 2207 per
980 2134 1083 2206 agros
1102 2112 1247 2181 miserat

168 2241 171 2245 ·
190 2217 398 2314 praedatum.

238 2333 364 2400 XXIX.
410 2331 440 2400 Ii
471 2354 555 2402 cum
582 2329 857 2426 carthaginiensi
887 2331 1050 2427 equitatu
1084 2332 1247 2429 praelium

190 2463 305 2533 quum
323 2443 604 2528 commisissent,
622 2464 756 2538 paucos
777 2442 816 2511 in
840 2441 919 2538 ipso
940 2443 1158 2529 certamine,
1178 2442 1248 2539 ple·

190 2572 324 2645 rosque
350 2549 528 2646 fugientes
553 2552 761 2648 persequuti
788 2551 850 2647 (in
878 2551 1012 2646 quibus
1040 2549 1248 2646 praefectum

155 2709 162 2729 .
193 2680 340 2752 quoque
356 2665 590 2746 Hannonem,
612 2659 772 2730 nobilem
789 2660 1001 2754 juvenem),
1025 2659 1247 2730 occiderunt.

193 2766 311 2862 Scipio
320 2792 397 2836 non
410 2792 512 2864 agros
525 2767 634 2838 modo
647 2770 739 2839 circa
753 2770 920 2854 vastavit,
931 2768 994 2838 sed
1004 2767 1130 2838 urbem
1142 2771 1248 2841 etiam

193 2877 393 2971 proximam
401 2875 572 2946 Afrorum
580 2878 664 2946 satis
673 2872 883 2973 opulentam
898 2877 992 2972 cepit
1002 2887 1029 2963 Ι;
1042 2876 1106 2947 ubi
1120 2894 1252 2975 praeter

120 3067 122 3075 Ι
195 2999 423 3082 caetera,quae
437 2985 618 3083 extemplo
631 2987 668 3056 in
681 3012 787 3057 naves
802 2987 982 3056 onerarias
996 2988 1161 3084 imposita
1173 2991 1253 3061 mis-

188 3198 280 3266 fiagam
295 3197 389 3261 accipio
406 3193 593 3261 'trepidationem
606 3196 633 3243 in
649 3207 701 3245 tota
733 3197 817 3265 *modo
835 3196 900 3244 circa
918 3197 1027 3245 vastavit
1043 3197 1117 3263 (vide
1130 3197 1161 3245 ad
1177 3201 1204 3257 1,
1224 3206 1254 3258 t,

196 3279 256 3326 urhe
266 3294 321 3326 cum
332 3293 424 3342 pavore
435 3277 637 3334 discurrentium,
651 3291 703 3322 non
746 3292 771 3322 n.
781 3273 836 3340 11),
848 3275 893 3322 sed
899 3275 1082 3339 urbem...cepit,
1092 3299 1104 3318 u
1112 3277 1173 3324 forte
1181 3278 1256 3340 Aqui-

197 3358 274 3405 multo
283 3357 352 3405 aliter
361 3355 459 3422 acfiaga
467 3354 583 3421 etfiagcre
593 3354 623 3402 de
633 3355 704 3402 celeri
746 3355 840 3412 latiam,
855 3365 897 3402 aut
909 3356 1014 3418 Carpos,
1023 3364 1065 3402 aut
1074 3355 1192 3412 Misnam,
1201 3371 1257 3418 quae

198 3454 270 3486 cursu
282 3451 306 3486 et
317 3440 469 3504 profectione
479 3437 595 3484 dicuntur
607 3450 613 3484 ι
627 3453 705 3499 neque
748 3433 775 3481 in
786 3433 871 3481 eodem
882 3444 960 3480 tractu
969 3434 1054 3482 suere:
1069 3449 1121 3480 non
1132 3433 1256 3492 Locham,

199 3519 275 3576 euim,
286 3521 328 3579 qui
336 3519 429 3566 inurhe
438 3528 519 3575 erant,
529 3532 603 3579 quum
611 3517 706 3564 hostem
748 3514 826 3561 Uticae
836 3512 941 3558 vicinam
948 3511 1009 3577 (vid.
1016 3512 1125 3576 Appiae.
1133 3515 1195 3559 Pun.
1205 3512 1258 3579 15),

200 3611 276 3660 prope
293 3596 324 3643 ad
342 3610 425 3661 portas
444 3613 496 3646 esse
511 3596 559 3644 eibi
576 3595 706 3659 persuade·
749 3607 803 3655 quae
822 3590 897 3638 serius
917 3601 1017 3654 captam
1035 3592 1117 3655 Heyn
1133 3590 1153 3638 l.
1173 3591 1190 3638 l.
1204 3592 1257 3638 'ubi

201 3687 270 3733 rent,
283 3691 353 3722 exea
366 3677 449 3740 fogere
460 3676 590 3734 volebant3
606 3675 671 3724 nuk.
750 3673 822 3720 etiam
836 3670 924 3728 docet,
934 3670 1041 3727 Livium,
1055 3687 1077 3719 c.
1092 3671 1186 3731 2934,
1195 3671 1255 3718 omi·

237 3753 492 3818 t.11egiatumetiam
503 3753 642 3822 affinitate;
657 3753 706 3800 vid.
750 3751 808 3799 sisse
827 3765 942 3807 mouere,
964 3749 1103 3812 Scipionem
1124 3751 1257 3797 exercitum

203 3847 257 3895 cap.
267 3832 309 3878 23.
753 3830 850 3877 duxisse
867 3829 973 3875 terrestri
989 3827 1075 3876 itinere
1092 3844 1136 3892 per
1154 3828 1257 3876 mediam

239 3910 373 3958 5.Postero
382 3909 570 3975 dieoequites,
585 3909 709 3959 admitte
754 3920 853 3967 terram,
873 3909 907 3954 ita
928 3918 956 3954 ut
973 3906 1173 3969 Carthaginem
1196 3919 1258 3955 terra

204 4005 242 4054 eq.
252 3987 318 4053 apud
326 3989 433 4052 Appian.
444 3990 529 4038 Punic.
540 3998 580 4046 τά.
753 3988 902 4044 circumiret,
915 3985 989 4033 classe
999 3985 1090 4032 interea
1100 3995 1187 4048 prater
1197 4001 1259 4032 eam

239 4069 301 4119 Car.
317 4068 415 4118 ΠΗ.
431 4083 454 4114 1.
472 4068 550 4133 Scipio
569 4076 619 4117 non
637 4084 709 4132 agros
754 4067 809 4114 dem
825 4065 910 4113 urbem
923 4075 1008 4123 ὀπως
1025 4065 1165 4127 Appianum
1180 4073 1258 4113 autem
