2768 4574
1101 220 1223 289 sosoi

178 272 247 365 296
607 275 644 339 T.
676 220 818 341 LIVII
1103 278 1230 355 ucassss

178 392 389 461 dictatorem
399 390 515 482 jussit,
526 415 619 486 quos
628 394 676 460 Μ.
685 389 845 487 AEmilius
853 384 1118 486 praetorUrbis,
1126 390 1166 457 C.
1175 388 1259 457 Fla»

177 501 307 586 minin,
332 506 397 571 Cn.
417 501 568 570 Servilio
591 499 817 589 consulibus,
838 497 989 584 fecerat,
1011 498 1110 569 etin
1136 500 1256 596 quin·

178 613 381 707 quennium
397 626 543 682 voverat
559 639 566 679 :
585 626 662 682 tunt
684 611 839 682 dictator
858 623 894 681 et
914 608 1021 680 ludos
1037 606 1141 696 fecit,
1157 624 1199 680 et
1214 611 1255 679 iu

176 723 374 818 insequens
390 721 544 793 lustrum
561 726 672 793 vovit.
685 728 881 807 Caeterum,
894 744 1009 818 quum
1023 720 1099 793 duo
1116 744 1256 792 consu·

175 833 267 903 lares
282 834 460 903 exercitus
472 848 543 904 tarn
557 858 672 932 prope
684 833 826 905 hostem
845 835 923 904 sine
942 828 1096 903 ducibus
1108 845 1253 920 essent,

177 943 348 1014 omnibus
369 944 446 1014 aliis
463 946 620 1031 omissis,
640 970 713 1016 una
732 946 913 1043 praecipua
929 968 1014 1014 cura
1032 948 1159 1014 Patres
1179 948 1254 1040 po'-

174 1056 377 1153 polumque
394 1057 556 1142 incessit,
579 1057 746 1127 consules
770 1057 887 1154 primo
906 1077 1055 1151 quoque
1077 1067 1255 1149 tempore

175 1165 342 1252 creandi,
358 1182 393 1237 et
408 1181 448 1236 ut
465 1191 527 1238 eos
538 1169 766 1263 potissimum
782 1180 947 1237 crearent
956 1162 983 1248 ⁵,
1001 1187 1165 1261 quorum
1180 1164 1254 1234 vir=

173 1290 232 1345 tus
246 1278 329 1346 satis
344 1291 421 1346 tuta
433 1301 452 1347 a
462 1275 589 1347 fraude
604 1279 738 1374 punica
751 1290 844 1349 esset
857 1303 864 1344 :
875 1299 990 1373 quum
1005 1288 1077 1343 toto
1093 1296 1137 1342 eo
1152 1270 1254 1376 bello

173 1385 354 1459 damnosa
359 1411 601 1484 praepropere
615 1387 813 1477 ocfhrvida
824 1390 969 1482 ingenia
984 1390 1254 1479 imperatorum

163 1496 338 1585 fuissent,
360 1512 435 1565 tum
451 1521 494 1566 eo
511 1502 588 1594 ι’ριο
605 1523 703 1567 anno
722 1497 901 1584 consuleS,
919 1500 1033 1565 ntinia
1048 1494 1256 1590 cupiditate

175 1607 388 1676 conserendi
405 1632 486 1677 curn
507 1608 609 1679 hoste
626 1635 792 1694 manum,
814 1615 851 1678 in
870 1613 1125 1704 necopinatum
1133 1604 1254 1697 frauss

176 1717 258 1786 dem
277 1716 398 1814 lapsos
416 1744 501 1789 esse.
526 1723 701 1790 Coeterum
716 1720 802 1790 deos
814 1716 1032 1788 immortales
1038 1771 1049 1804 ,
1067 1721 1255 1787 miseritos

176 1835 333 1905 nominis
353 1836 512 1916 romani,
526 1837 733 1927 pepercisse
751 1835 910 1901 innoxiis
931 1825 1152 1899 exercitibus
1169 1853 1182 1895 .·
1202 1822 1253 1897 tess

175 1945 375 2011 meritatem
393 1939 581 2010 consulum
600 1947 761 2038 ipsorum
779 1941 957 2039 capitibus
976 1939 1190 2009 damnasse.
1247 2034 1250 2038 ι

223 2053 384 2119 XXXIV.
415 2052 538 2138 Quum
559 2051 878 2148 circumspicerent
894 2053 1037 2131 Patres,
1061 2052 1252 2142 quosnam'

174 2158 341 2229 consules
361 2157 539 2248 facerent,
561 2161 667 2259 longe
684 2176 767 2232 ante
786 2161 873 2232 alios
892 2155 1075 2229 eminebat
1087 2158 1128 2225 C.
1140 2154 1251 2225 Clau·

176 2361 245 2408 Urbis
257 2359 326 2423 (vide
339 2363 370 2409 ad
381 2365 465 2421 XXV,
483 2380 505 2425 1,
515 2381 540 2412 n.
554 2364 605 2427 7)..
614 2364 686 2429 ‚fece
729 2383 755 2430 p.
764 2363 845 2428 ΜΒ),
857 2379 909 2411 nou
920 2361 1007 2410 fecisse
1016 2356 1201 2415 vicensumas
1212 2373 1253 2405 eo·

173 2438 393 2499 rat(vid.XXII,
407 2458 423 2505 9
437 2443 522 2508 exte),
537 2454 561 2489 et
576 2444 600 2490 in
614 2445 684 2508 quin·
728 2461 782 2492 rum
807 2459 973 2499 successores,
990 2441 1088 2495 ΠΧ,
1116 2453 1150 2497 ²7
1186 2447 1252 2485 ⁰¹²¹·

172 2519 304 2583 quennt'um
318 2530 376 2567 ante
389 2531 492 2588 noverat
502 2537 542 2567 un.
553 2523 613 2569 Urb.
625 2524 683 2573 535.
728 2525 822 2570 Dukeri
839 2534 898 2570 nota
918 2533 973 2569 cst:
994 2541 1007 2560 «
1016 2519 1084 2565 Vero
1098 2514 1185 2563 simile
1199 2526 1251 2574 est,

119 2592 124 2605 '
171 2597 249 2654 Iidem
266 2597 320 2651 ludi
337 2599 417 2661 magni
430 2600 519 2663 saepius
536 2612 603 2648 extra
616 2601 683 2647 ordi-
726 2602 800 2649 ludos
814 2618 854 2649 sn.
870 2602 934 2657 540,
953 2599 987 2646 oh
1003 2611 1100 2644 causam
1115 2594 1196 2647 nobis
1211 2595 1252 2641 in-

170 2692 228 2724 nem
243 2678 268 2724 iu
282 2679 395 2741 quintum
409 2695 500 2726 annum
511 2680 564 2726 voti
578 2691 649 2736 sunt,
662 2681 682 2726 si
728 2682 851 2742 cognitam
867 2694 918 2724 non
931 2678 1005 2723 fuisse
1018 2675 1105 2722 factos.
1117 2674 1179 2720 Hoc
1190 2673 1252 2721 satis

171 2756 257 2803 eodem
278 2768 342 2804 statu
358 2757 494 2820 respublica
513 2768 628 2805 maneret.
644 2756 681 2807 cf.
726 2769 809 2821 aperte
820 2773 850 2804 eo
862 2755 969 2803 ostendit
979 2753 1075 2813 Livius,
1087 2751 1160 2814 quod
1172 2750 1252 2809 diota,-

171 2838 264 2895 XXX,
281 2853 312 2896 a,
330 2853 379 2896 ²73
395 2839 497 2893 XXXI,
512 2852 540 2898 9;
554 2827 682 2895 XXXVI,
727 2848 805 2885 torem
817 2836 890 2883 ludos
901 2835 956 2881 iIIcs
969 2832 1055 2880 fecisse
1068 2830 1173 2889 scribit,
1184 2822 1251 2895 quos¹

124 2965 127 2969 ,
171 2918 297 2975 23XLII,
312 2917 353 2963 28.
369 2917 430 2978 Quis
440 2926 521 2963 tamen
534 2916 584 2963 hoc
596 2927 683 2963 votum
726 2917 763 2963 Μ.
783 2915 894 2962 AEmilius
914 2922 1023 2960 voverat.
1038 2911 1103 2957 Nam
1119 2908 1149 2957 hi
1166 2911 1190 2958 si
1207 2928 1250 2961 an.

170 2995 259 3043 iterum
272 3011 338 3044 anno
350 2997 438 3058 quinto
447 2994 480 3057 (a.
492 2996 523 3042 U.
533 2993 593 3058 540)
605 2995 682 3042 solve·
728 2996 778 3050 540
792 2994 851 3041 facti
866 2993 981 3048 fuissent,
992 2988 1059 3037 haud
1072 2987 1149 3035 dubie
1169 2989 1251 3039 dixis·

168 3075 214 3133 rit,
228 3075 311 3122 Livius
324 3088 376 3122 non
389 3074 532 3120 memoravit
543 3073 586 3120 lib.
597 3075 681 3131 XXV,
725 3084 774 3131 set,
786 3090 800 3120 a
814 3071 933 3121 dictatore
944 3071 1001 3117 illos
1010 3069 1089 3116 factos
1097 3068 1192 3125 tuine,
1206 3072 1252 3135 qui

170 3154 216 3201 etsi
233 3154 289 3201 talia
309 3153 439 3215 diligenter
454 3164 540 3200 notare
556 3152 638 3200 solet:
657 3163 680 3199 et
726 3169 756 3199 eo
765 3168 830 3199 anno
839 3152 864 3198 Iu
876 3149 1068 3214 quinquennium
1076 3146 1251 3199 vocitamus

169 3234 235 3281 idem
257 3249 311 3295 sup.
331 3233 423 3288 XXII,
438 3247 470 3293 9,
490 3230 550 3279 dicit
566 3231 682 3294 quidem,
724 3232 812 3278 Omnia
827 3242 892 3278 certo
906 3230 937 3277 dc
951 3229 1041 3276 votIvis
1053 3226 1253 3290 ApoIIInaribus

167 3311 339 3359 ludoshosab
349 3311 679 3368 AEmi110factos,nonvero
724 3310 854 3374 diligenter
870 3309 953 3357 retulit
969 3307 1053 3364 XXV,
1072 3298 1252 3369 123xxv1',
1295 3298 1299 3309 ¹

169 3391 193 3437 in
216 3390 408 3455 quinquennium
426 3400 499 3438 votos
518 3389 598 3438 fuisse.
618 3390 679 3437 Inde
725 3391 773 3448 233
785 3390 899 3445 XXVII,
916 3402 955 3442 11,
966 3387 1007 3433 23.
1017 3407 1029 3426 υ
1039 3410 1074 3420 -·
1085 3385 1148 3430 Tum
1159 3385 1249 3435 dicta·

167 3469 194 3517 h.
205 3469 222 3515 I.
237 3469 355 3532 suspicari
365 3468 460 3534 possis:
473 3479 498 3515 et
510 3468 535 3515 in
547 3468 680 3531 quinquen·
703 3456 704 3459 Ἰ
724 3480 763 3517 tor
775 3480 800 3515 et
812 3468 882 3515 ludos
886 3466 959 3530 scuit.
971 3466 1065 3511 Vocem
1076 3462 1151 3511 ludos
1167 3467 1254 3529 ejece·

62 3583 64 3587 ‚
167 3547 234 3594 nium
249 3562 349 3602 vovere,
366 3546 418 3594 scil.
437 3547 581 3594 dictatorem
597 3548 677 3607 jussit.
723 3558 782 3594 runt
799 3548 877 3593 Gron.
893 3556 917 3592 et
931 3544 1002 3592 Cres.
1021 3556 1084 3604 quos
1097 3542 1175 3605 sequi
1195 3560 1254 3595 non

166 3626 197 3678 Id
210 3625 320 3673 firmatur
329 3627 400 3673 etiam
411 3626 473 3673 locrs
484 3626 537 3674 Liv
548 3628 639 3684 XXX,
648 3643 677 3684 a,
721 3643 793 3674 ausus
803 3637 839 3673 est
850 3624 923 3672 Drak
932 3638 1006 3687 quum
1015 3608 1261 3679 illudincmnibui

164 3721 208 3764 27,
223 3716 247 3753 et
267 3705 328 3752 aliis
349 3705 470 3753 Caeterum
490 3705 590 3752 eosdem
605 3705 677 3752 ludos
722 3705 819 3769 scriptis
831 3702 955 3767 repenset
967 3703 1013 3749 En.

160 3786 228 3843 iusto
243 3796 354 3849 tempore
368 3786 445 3832 facere
460 3784 578 3846 jubentur
589 3800 677 3832 consu·
759 3782 782 3834 5.
795 3785 829 3830 Et
840 3794 868 3830 ut
881 3798 921 3829 eos
931 3791 984 3843 pot.
998 3788 1134 3825 cremnt:
1150 3777 1251 3829 dete·
1226 3800 1257 3853 τρ

164 3864 199 3910 les
217 3866 309 3922 XXX,
324 3881 353 3922 a;
368 3876 392 3911 nt
406 3880 435 3911 eo
449 3879 530 3923 anno,
543 3865 607 3910 forte
619 3877 677 3927 pro
723 3874 750 3910 ut
761 3875 786 3911 et
797 3872 922 3916 crearent
935 3862 1045 3907 Gronov.
1061 3856 1112 3904 Sed
1130 3862 1259 3927 exemplq

163 3942 285 4007 digiorum
308 3961 379 3991 causa
397 3943 483 4007 (quod
506 3942 675 4008 suspicabatur
720 3953 820 3990 mutatae
835 3941 920 3988 t'ormae
938 3936 1057 3987 orationis
1073 3934 1259 4005 lauduinus,

162 4023 234 4077 stiam
253 4023 322 4087 Ρίςῐι.
341 4023 368 4074 in
387 4024 477 4072 sunu.
496 4024 528 4071 ad
544 4039 585 4072 an.
609 4022 675 4082 551,
719 4013 1197 4085 -Proepropera,·vid.11,45,u.4.
