2768 4574
198 334 317 443 3332}
397 358 549 422 tiana
582 357 767 423 xxviii.
796 357 902 424 cnr.
930 355 996 421 xi.
1160 353 1230 450 357

168 493 205 546 et
222 477 320 549 Albae
338 476 412 546 duo
427 477 520 546 soles
538 477 632 546 visos
647 474 854 546 referebant
871 502 878 543 :
895 490 931 546 et
946 491 1052 546 nocte
1064 478 1233 574 Fregellis

169 588 288 658 lucem
307 586 495 657 obortam:
514 602 550 658 et
568 586 636 657 bos
654 588 692 656 in
710 611 796 684 agro
817 611 969 656 romano
988 586 1178 682 loquutus,
1197 603 1234 658 et

168 724 227 768 ara
245 699 406 796 Neptuni
424 699 540 768 multo
556 697 689 768 sudore
707 722 870 768 manasse
886 698 924 766 in
940 698 1037 767 circo
1057 697 1232 768 Flaminio

167 809 372 895 dicebatur3
391 825 428 880 et
448 809 542 880 aedes
561 809 723 893 Cereris,
749 808 899 894 Salutis,
922 807 1066 896 Quirini
1084 806 1129 878 de
1143 807 1231 878 caelo

167 935 279 990 tactae.
301 919 467 1017 Prodigia
486 920 653 990 consules
675 917 803 992 hostiis
819 915 1019 1013 majoribus
1038 941 1232 1013 procurare

164 1032 273 1126 jussi,
299 1046 335 1100 et
361 1030 661 1127 supplicationem
682 1053 799 1101 unum
817 1028 913 1100 diem
937 1026 1097 1098 habere:
1119 1051 1160 1096 ea
1186 1053 1232 1097 ex

166 1138 480 1210 senatusconsulto
515 1137 618 1209 facta.
647 1141 730 1210 Plus
763 1137 935 1209 omnibus
963 1151 1025 1207 aut
1058 1137 1231 1206 nuntiatis

165 1273 334 1346 peregre,
356 1265 418 1319 ant
436 1251 519 1320 visis
540 1249 640 1320 domi
659 1248 832 1348 prodigiis
853 1249 981 1319 terruit
1001 1248 1141 1325 animos
1162 1247 1229 1316 ho-

164 1360 303 1429 minum
322 1361 413 1456 ignis
431 1362 468 1429 in
483 1360 558 1429 aede
570 1366 687 1430 Vestae
702 1362 921 1442 exstinctus;
939 1383 1101 1453 caesaque
1117 1357 1230 1454 flagro

164 1483 217 1537 est
236 1468 396 1564 vestalis,
423 1469 524 1562 cujus
545 1469 709 1540 custodia
730 1470 846 1539 noctis
872 1469 949 1562 ejus
971 1466 1107 1556 luerat,
1126 1468 1229 1562 jussu

164 1583 198 1646 P.
215 1579 343 1648 Licinii
362 1578 555 1676 pontificis.
579 1580 622 1649 Id
644 1601 873 1675 quanquam,
893 1578 984 1648 nihil
1005 1577 1229 1675 portenden-

163 1687 259 1758 tibus
278 1689 373 1775 deis,
394 1705 563 1761 caeterum
584 1685 826 1786 negligentia³
850 1687 1010 1759 humana
1028 1689 1228 1776 acciderat,

164 1814 281 1871 tamen
300 1816 336 1871 et
355 1800 482 1871 hostiis
501 1799 700 1895 majoribus
719 1798 926 1896 procurari,
949 1811 985 1867 et
1000 1795 1229 1893 supplicatio·

163 1935 247 1980 nem
266 1911 309 1979 ad
331 1916 447 1980 Vestae
466 1910 592 1981 haberi
610 1910 755 2008 placuit.
777 1911 877 1981 Prius
891 1933 1002 2004 quam
1019 1905 1228 2005 proficisce-

162 2034 292 2089 rentur
311 2022 478 2091 consules
503 2022 549 2091 ad
571 2020 726 2109 bellum,
744 2022 874 2091 moniti
898 2019 954 2091 ab
971 2033 1099 2090 senatu
1124 2032 1227 2105 sunt,

162 2136 255 2198 utin
273 2155 380 2226 agros
398 2132 614 2202 reducendae
620 2131 743 2230 plebis
758 2157 883 2202 curam
902 2131 1099 2218 baberent:
1114 2130 1225 2199 deum

160 2241 378 2336 benignitate
407 2243 614 2312 submotum
646 2241 779 2312 bellum
804 2242 853 2312 ab
886 2241 975 2311 urbe
1001 2264 1156 2313 romana
1191 2255 1228 2307 et

159 2356 264 2422 Latio
285 2377 377 2440 esse,
404 2369 560 2451 etporse
575 2360 653 2423 rme
670 2370 768 2423 metu
786 2359 823 2421 in
845 2358 942 2448 agris
961 2351 1131 2421 habitari.
1151 2354 1224 2418 Mi-

160 2469 256 2533 m'me
270 2471 474 2552 convenire,
493 2463 639 2552 Sicilire,
656 2490 769 2562 quam
788 2463 923 2550 Italioe,
940 2461 1103 2533 colendae
1116 2461 1227 2553 majo-

159 2598 235 2642 rem
251 2600 376 2645 curam
397 2578 506 2646 esset.
523 2575 592 2646 Sed
607 2599 666 2645 res
684 2574 969 2670 haudquaquam
990 2587 1066 2644 erat
1085 2569 1224 2667 populo

160 2680 288 2769 facilis,
317 2699 353 2754 et
376 2684 499 2756 liberis
521 2685 724 2757 cultoribus
743 2684 842 2755 bello
863 2685 1081 2779 absumptis,
1110 2695 1145 2751 et
1168 2683 1225 2749 in-

160 2791 243 2887 opia
263 2794 512 2884 servitiorum,
532 2810 568 2864 et
586 2820 719 2892 pecore
746 2794 890 2890 direpto
908 2792 1075 2888 villisque
1096 2791 1225 2861 dirutis

160 2914 222 2968 aut
236 2901 391 2972 incensis
405 2931 413 2972 :
430 2929 560 2998 magna
572 2919 694 2975 tamen
709 2928 792 3001 pars
806 2904 1019 2973 auctoritate
1033 2900 1224 2973 consulum

159 3012 345 3108 compulsa
367 3012 405 3082 in
431 3038 536 3111 agros
559 3015 774 3111 remigravit.
795 3016 985 3084 Moverunt
1010 3027 1130 3084 autem
1154 3011 1246 3081 hu-·

153 3122 255 3213 jusce
267 3124 320 3193 rei
332 3125 557 3195 mentionem
568 3124 861 3195 Placentinorum
873 3139 910 3194 et
919 3123 1222 3194 Cremonensium

159 3230 286 3328 legati,
308 3250 522 3330 querentes,
545 3260 671 3332 agrum
696 3259 802 3305 suum
821 3233 867 3305 ab
886 3235 1015 3306 accolis
1033 3233 1144 3324 Gallis
1166 3235 1224 3303 in-

158 3345 294 3412 cursari
321 3369 362 3414 ac
387 3347 539 3434 vastari,
569 3369 811 3442 magnamque
836 3360 976 3442 partem
1008 3344 1220 3414 colonorum

157 3475 306 3522 suorum
338 3453 513 3552 dilapsam
542 3480 643 3541 esse,
674 3470 721 3526 et·
742 3453 992 3550 infrequentes
1022 3478 1059 3523 se
1090 3450 1223 3538 urbes,

157 3631 213 3677 vIde
223 3633 254 3679 ad
267 3633 357 3681 librum
370 3637 462 3694 XXII,
478 3652 532 3701 cap.
545 3651 572 3695 1,
585 3652 612 3684 n.
626 3637 663 3684 15.
710 3644 757 3695 40,
771 3648 795 3684 et
804 3636 919 3694 XXVII,
930 3636 954 3682 5.
966 3663 998 3670 —-
1013 3635 1125 3682 Laevinus
1137 3634 1222 3682 sedulo

192 3711 216 3758 3.
237 3711 355 3759 Coeterum
374 3714 538 3779 negligenti&
558 3714 616 3762 vide
633 3715 665 3762 ad
709 3731 808 3778 operam
816 3714 1058 3772 dederat,utvastata
1065 3712 1223 3762 bellisSicilIa

155 3791 208 3846 IX,
225 3806 256 3836 21
267 3823 274 3847 ‚
292 3807 317 3837 n.
331 3807 352 3839 1.
367 3820 402 3829 —
413 3793 619 3857 Supplicationem
631 3793 668 3840 ad
709 3794 868 3851 recoleretur,
887 3805 1079 3857 cogerenturque
1099 3792 1175 3840 Sicuti
1191 3794 1223 3840 ad

158 3871 249 3926 Vestoe;
260 3869 316 3916 vide
325 3870 356 3916 ad
368 3873 394 3926 I,
410 3872 457 3930 33,
472 3889 497 3920 n.
511 3875 541 3932 6;
552 3875 605 3933 111,
618 3873 664 3928 63,
710 3872 827 3920 arandum
845 3885 869 3921 et
888 3873 1016 3921 serendum
1033 3873 1128 3920 animos
1141 3888 1223 3919 rursus

154 3962 180 3994 n.
192 3963 204 3992 a
214 3983 221 4004 ,
232 3959 256 3995 et
269 3950 307 4005 x,
321 3949 369 4007 23,
382 3965 407 3996 n.
421 3965 460 3996 η.
711 3963 862 4001 convertere.
880 3953 971 4000 Eadem
985 3953 1096 4017 profecto
1113 3969 1169 3999 rura
1181 3953 1223 3998 ‹le-

191 4034 213 4080 t.
228 4027 331 4104 Sicilire,
348 4045 423 4093 quam
440 4031 536 4088 Italiae,
559 4033 666 4080 colendae
711 4033 813 4080 bebatur
823 4032 1111 4101 [tunultu—Inopia,
1122 4043 1224 4100 propter

155 4107 272 4172 nmjorem
293 4124 377 4156 curam
397 4126 463 4168 esse,·
481 4113 547 4160 cons.
563 4104 665 4170 XXVI,
710 4111 827 4178 inopiam.
