2768 4574
215 318 338 426 ἵξῃ
458 337 610 404 trusa
640 337 756 405 xxv.
786 339 891 408 car.
912 343 974 409 vr.
1199 371 1243 443 ,9

188 489 206 526 c
219 470 313 547 turt,
326 483 392 531 nos
403 457 513 556 vulgo
526 457 689 528 homines
702 457 913 552 laudabant,
925 463 1025 559 quod
1038 467 1244 563 reipublicae

188 601 206 638 α
219 596 286 642 nos
300 592 599 657 reservassemns3
615 567 715 666 quod
728 567 774 639 ad
788 574 972 645 consulem
981 579 1175 649 Venusiam
1188 605 1245 653 re·

185 681 405 768 tllissemus,
417 695 453 752 et
466 681 624 778 speciem·
630 679 718 774 justi
729 683 906 753 exercitus
915 681 1128 758 fecissemus.
1138 694 1245 762 Nunc

186 793 396 869 «deteriore
414 792 623 863 conditione
641 815 783 879 sumus,
800 817 909 888 quam
924 796 1018 892 apud
1041 813 1159 894 patres
1177 825 1246 871 no.

186 933 204 970 c
217 918 310 976 stros
323 901 466 975 fuerant
478 896 618 999 captivi.
632 904 777 1000 Quippe
791 901 859 974 illis
873 927 969 974 arma
982 920 1124 977 tantum
1137 925 1246 1008 atque

187 1015 307 1086 «ordo
325 1011 502 1086 militandi
512 1025 547 1102 ¹⁰,
563 1013 757 1108 locusque,
776 1015 904 1110 inquo
921 1016 1113 1103 tenderent
1128 1022 1166 1090 in
1186 1047 1247 1093 ca·

186 1154 204 1191 u
217 1125 318 1211 stris,
341 1137 395 1194 est
420 1137 580 1193 mutatus
603 1149 610 1189 :
634 1147 714 1219 quae
736 1137 877 1210 tamen,
897 1127 1007 1196 semel
1028 1145 1155 1201 navata
1175 1134 1245 1202 rei·

185 1263 203 1300 a
217 1233 368 1330 publicae
393 1256 520 1330 opera,
540 1248 575 1303 et
594 1257 669 1302 uno
690 1229 786 1302 felici
809 1234 951 1329 praelio,
972 1255 1244 1334 recuperarunt.

185 1348 328 1416 «Nemo
344 1367 470 1414 eorum
486 1341 664 1438 relegatus
680 1343 718 1412 in
738 1342 903 1413 exsilium
917 1359 969 1415 est
989 1372 997 1413 :
1013 1349 1150 1417 nemini
1165 1374 1247 1447 spes

185 1454 396 1525 «emerendi
414 1452 592 1550 stipendia
610 1451 777 1549 adempta
794 1481 802 1523 ε
817 1453 931 1524 hostis
945 1453 1102 1552 denique
1117 1473 1171 1529 est
1185 1459 1246 1530 da·

185 1579 290 1647 utus,
304 1587 386 1633 cnm
401 1587 478 1659 quo
493 1563 719 1646 dimicantes,
734 1578 795 1632 aut
805 1564 914 1632 vitam
928 1565 1037 1635 semel
1048 1621 1058 1654 ,
1070 1582 1132 1637 aut
1144 1570 1245 1665 igno-

162 1740 165 1744 ,
183 1703 201 1740 α
212 1675 361 1745 miniam
373 1671 528 1744 finirent.
539 1670 789 1768 Nos,quibus,
801 1674 870 1743 nisi
880 1674 979 1768 quod
991 1678 1248 1769 commisimus,

183 1813 201 1850 a
213 1798 254 1855 ut
272 1786 463 1881 quisquam
479 1808 523 1853 ex
536 1784 710 1856 cannensi
727 1783 803 1854 acie
816 1782 919 1854 miles
934 1809 1106 1882 romanus
1119 1813 1247 1886 super-

183 1911 324 1983 «esset,
341 1894 431 1965 nihil
443 1892 554 1986 objici
573 1907 711 1990 potest,
727 1918 804 1963 non
820 1893 939 1964 solum
953 1920 973 1965 a
987 1899 1101 1993 patria
1118 1901 1248 1995 procul

182 2007 410 2102 «Italiaque,
430 2002 494 2075 sed
512 2001 559 2072 ab
578 2001 682 2073 hoste
705 2003 830 2089 etiam,
851 2003 1000 2100 relegati
1020 2030 1162 2095 sumus;
1182 2010 1248 2081 ubi

183 2138 439 2187 «senescamus
457 2115 495 2182 in
514 2111 657 2198 exsilio,
675 2137 722 2185 ne
741 2137 813 2208 qua
834 2138 933 2210 spes,
948 2140 995 2185 ne
1013 2141 1086 2212 qua
1105 2122 1244 2192 occasio

182 2223 399 2297 «abolendae
417 2223 645 2322 ignominiae,
661 2246 794 2318 nequa
814 2223 995 2320 placandae
1014 2227 1144 2298 civium
1163 2231 1243 2318 irae,

181 2364 202 2406 a,
213 2361 259 2407 ne
273 2359 346 2433 qua
358 2335 516 2430 denique
531 2332 626 2404 bene
639 2331 819 2403 moriendi
832 2334 887 2403 sit.
898 2338 1024 2432 Neque
1037 2337 1244 2433 ignominia

181 2443 341 2530 «finem,
361 2469 428 2515 nec
444 2444 588 2513 virtutis
604 2445 789 2541 praemium
809 2444 985 2540 petimus3
1002 2447 1113 2518 modo
1131 2475 1243 2547 expe-

180 2556 275 2630 «riri,
287 2555 449 2625 animum
467 2568 503 2624 et
516 2554 688 2623 virtutem
702 2553 869 2625 exercere
886 2554 990 2626 liceat
1006 2583 1013 2624 ε
1031 2556 1190 2630 laborem
1205 2575 1242 2632 et

180 2693 198 2730 u
212 2665 412 2762 periculum
431 2664 604 2761 petimus,
622 2675 663 2738 ut
678 2664 859 2750 virorum,
882 2678 924 2735 ut
942 2667 1097 2738 militum
1119 2669 1240 2743 officio

178 2801 197 2839 e
211 2771 414 2869 fungamur.
431 2772 570 2843 Bellum
587 2772 625 2841 in
643 2771 759 2842 Sicilia
774 2773 848 2865 jam
867 2772 1020 2845 alterum
1033 2802 1169 2850 annum
1186 2783 1242 2851 in·

153 2875 155 2879 ’
179 2886 306 2980 «genti
327 2882 553 2959 dimicatione
574 2883 734 2978 geritur:
751 2880 860 2953 urbes
882 2883 967 2955 alias
988 2890 1136 2977 Poenus,
1155 2889 1240 2962 alias

180 3000 391 3065 «Romanus
411 2990 592 3091 expug'nat
613 3021 620 3063 :
641 2991 825 3089 peditum,
852 2995 1018 3089 equitum
1041 2999 1133 3069 acies
1151 3025 1239 3071 con·

178 3120 359 3185 ccurrunt
377 3115 421 3191 ¹¹3
442 3103 486 3181 ad
501 3108 690 3199 Syracusas
707 3118 802 3175 terra
818 3105 982 3201 marique
1000 3130 1058 3178 res
1076 3111 1237 3206 geritur:

177 3218 399 3288 «clamorem
415 3215 653 3313 pugnantium
667 3216 917 3311 crepitumque
932 3241 1115 3297 armorum
1131 3245 1237 3292 exau-

177 3327 344 3416 adimus,
363 3327 496 3398 resides
515 3325 582 3422 ipsi
596 3348 637 3395 ac
658 3347 800 3420 segnes,
815 3339 988 3422 tanquam
1011 3352 1078 3397 nec
1092 3354 1234 3421 manus,

178 3464 276 3511 «nec
295 3463 393 3510 arma
412 3436 619 3512 habeamus.
639 3440 832 3533 Servorum
852 3435 1054 3532 legionibus
1070 3439 1120 3507 Ti.
1137 3445 1234 3511 Sem-

201 3637 237 3684 ,9.
257 3623 361 3688 Captivis
381 3622 511 3687 redemptio
529 3625 681 3689 negabam&
763 3638 802 3671 11.
812 3624 931 3680 Peditum,
943 3623 1050 3687 equitum
1060 3628 1233 3704 aqiesconcur-
1311 3616 1314 3623 ,

176 3701 227 3763 yid.
242 3703 331 3761 XXII,
344 3704 390 3759 54,
405 3704 447 3750 61.
564 3712 569 3721 ‘
724 3714 788 3750 runt.
794 3705 892 3751 Putean.
900 3702 962 3750 liber
968 3704 1231 3771 ignoratcopulativam

214 3796 254 3830 ιο.
264 3780 356 3845 Quippe
364 3781 411 3829 illis
420 3795 492 3828 arma
502 3792 596 3830 tautum
608 3792 682 3845 aeque
724 3782 882 3847 particulam:
899 3797 946 3844 qua
963 3782 1069 3832 detracta
1085 3787 1191 3837 vividior
1203 3790 1233 3842 fit

176 3859 236 3908 ordo
245 3858 367 3907 militandi
374 3871 479 3907 inuentus
487 3859 555 3926 (vide
565 3876 636 3925 supra
650 3861 682 3909 ad
725 3863 812 3912 oratio.
828 3864 874 3910 Eu.
892 3861 931 3907 Ab
950 3860 1018 3909 hoste
1036 3865 1110 3912 etiam
1131 3870 1234 3935 relegati

174 3940 273 3996 XXIV,
289 3939 337 3995 18,
353 3954 378 3985 n.
393 3940 433 3996 δὴ,
448 3939 574 4003 Iocusque,
590 3940 614 3986 iu
632 3956 680 4003 quo
724 3957 817 3995 sumus,
837 3939 880 3986 ubi
890 3955 1039 3989 senescamus
1052 3944 1077 3990 iu
1090 3947 1187 3995 exsilio.

176 4018 300 4066 undarent
306 4052 313 4074 ,
325 4017 429 4065 tentoria
441 4030 560 4082 ponerent
572 4029 596 4066 et
608 4018 681 4067 hube-
725 4031 843 4082 tauquam
851 4034 894 4065 nee
904 4035 998 4076 manus,
1009 4037 1053 4068 uec
1064 4040 1135 4072 amia
1143 4026 1232 4079 habea.

175 4107 243 4156 rent,
257 4097 282 4147 iu
296 4096 396 4146 castris:
408 4097 465 4146 uide
474 4097 553 4156 cdl,
563 4105 592 4159 4,
602 4113 627 4148 u.
638 4114 662 4147 a.
725 4114 792 4157 mun
808 4097 859 4147 vid
872 4098 907 4148 ed
920 4099 1004 4159 XXV,
1019 4108 1062 4159 41,
1073 4118 1098 4151 n.
1110 4105 1144 4153 8.-
1211 4132 1217 4142 ·

1017 4211 1057 4255 a.
