<?xml version="1.0" encoding="UTF-8"?>
<!DOCTYPE html PUBLIC "-//W3C//DTD XHTML 1.0 Transitional//EN"
    "http://www.w3.org/TR/xhtml1/DTD/xhtml1-transitional.dtd">
<html xmlns="http://www.w3.org/1999/xhtml" xml:lang="en" lang="en">
 <head>
  <title>
</title>
<meta http-equiv="Content-Type" content="text/html;charset=utf-8" />
  <meta name='ocr-system' content='tesseract 3.04.00' />
  <meta name='ocr-capabilities' content='ocr_page ocr_carea ocr_par ocr_line ocrx_word'/>
</head>
<body>
  <div class='ocr_page' id='page_1' title='image "./titusliviuspata04freigoog_0326.png"; bbox 0 0 2782 4568; ppageno 0'>
   <div class='ocr_carea' id='block_1_1' title="bbox 177 294 1212 404">
    <p class='ocr_par' dir='ltr' id='par_1_1' title="bbox 177 294 1212 404">
     <span class='ocr_line' id='line_1_1' title="bbox 177 294 1212 404; baseline -0.008 -7"><span class='ocrx_word' id='word_1_1' title='bbox 177 294 300 404; x_wconf 64' lang='lat' dir='ltr'>stau</span> <span class='ocrx_word' id='word_1_2' title='bbox 330 317 425 384; x_wconf 70' lang='grc' dir='ltr'>ΜΒ.</span> <span class='ocrx_word' id='word_1_3' title='bbox 449 317 613 384; x_wconf 81' lang='lat' dir='ltr'>xxvu.</span> <span class='ocrx_word' id='word_1_4' title='bbox 637 318 743 386; x_wconf 71' lang='lat' dir='ltr'>car.</span> <span class='ocrx_word' id='word_1_5' title='bbox 766 320 898 388; x_wconf 74' lang='lat' dir='ltr'>xcvi.</span> <span class='ocrx_word' id='word_1_6' title='bbox 919 318 1075 389; x_wconf 78' lang='lat' dir='ltr'>xnvn.</span> <span class='ocrx_word' id='word_1_7' title='bbox 1148 314 1212 389; x_wconf 72' lang='lat'>32!</span> 
     </span>
    </p>
   </div>
   <div class='ocr_carea' id='block_1_2' title="bbox 150 438 1281 2516">
    <p class='ocr_par' dir='ltr' id='par_1_2' title="bbox 150 438 1220 981">
     <span class='ocr_line' id='line_1_2' title="bbox 150 438 1220 534; baseline 0.006 -25"><span class='ocrx_word' id='word_1_8' title='bbox 150 446 293 534; x_wconf 67' lang='lat' dir='ltr'>regnum</span> <span class='ocrx_word' id='word_1_9' title='bbox 311 438 491 524; x_wconf 62' lang='lat' dir='ltr'>dandum</span> <span class='ocrx_word' id='word_1_10' title='bbox 507 439 761 510; x_wconf 77' lang='lat' dir='ltr'>etexeundum</span> <span class='ocrx_word' id='word_1_11' title='bbox 778 446 816 510; x_wconf 81' lang='lat' dir='ltr'>in</span> <span class='ocrx_word' id='word_1_12' title='bbox 833 447 965 528; x_wconf 83' lang='lat' dir='ltr'><em>aciem,</em></span> <span class='ocrx_word' id='word_1_13' title='bbox 980 441 1220 515; x_wconf 83' lang='lat' dir='ltr'>abutendum·</span> 
     </span>
     <span class='ocr_line' id='line_1_3' title="bbox 150 546 1218 650; baseline 0.006 -30"><span class='ocrx_word' id='word_1_14' title='bbox 150 576 222 647; x_wconf 84' lang='lat' dir='ltr'>que</span> <span class='ocrx_word' id='word_1_15' title='bbox 241 576 359 621; x_wconf 85' lang='lat' dir='ltr'>errore</span> <span class='ocrx_word' id='word_1_16' title='bbox 377 546 556 620; x_wconf 74' lang='lat' dir='ltr'>hosuum⁶</span> <span class='ocrx_word' id='word_1_17' title='bbox 573 549 778 621; x_wconf 47' lang='lat' dir='ltr'>&amp;sentium</span> <span class='ocrx_word' id='word_1_18' title='bbox 789 557 1115 650; x_wconf 70' lang='lat' dir='ltr'>praesentiumque,</span> <span class='ocrx_word' id='word_1_19' title='bbox 1130 554 1218 626; x_wconf 86' lang='lat' dir='ltr'>dum</span> 
     </span>
     <span class='ocr_line' id='line_1_4' title="bbox 152 659 1218 762; baseline 0.005 -31"><span class='ocrx_word' id='word_1_20' title='bbox 152 687 270 759; x_wconf 84' lang='lat' dir='ltr'>neque</span> <span class='ocrx_word' id='word_1_21' title='bbox 284 661 338 732; x_wconf 81' lang='lat' dir='ltr'>illi</span> <span class='ocrx_word' id='word_1_22' title='bbox 350 667 470 732; x_wconf 81' lang='lat' dir='ltr'>sciant</span> <span class='ocrx_word' id='word_1_23' title='bbox 487 659 570 730; x_wconf 82' lang='lat' dir='ltr'>cum</span> <span class='ocrx_word' id='word_1_24' title='bbox 583 661 840 758; x_wconf 77' lang='lat' dir='ltr'><em>paucioribus,</em></span> <span class='ocrx_word' id='word_1_25' title='bbox 861 688 926 733; x_wconf 84' lang='lat' dir='ltr'>nec</span> <span class='ocrx_word' id='word_1_26' title='bbox 941 664 983 733; x_wconf 83' lang='lat' dir='ltr'>lu&#39;</span> <span class='ocrx_word' id='word_1_27' title='bbox 1002 689 1084 735; x_wconf 87' lang='lat' dir='ltr'>cum</span> <span class='ocrx_word' id='word_1_28' title='bbox 1098 665 1218 762; x_wconf 76' lang='lat' dir='ltr'>pluri·</span> 
     </span>
     <span class='ocr_line' id='line_1_5' title="bbox 152 770 1220 874; baseline 0.007 -33"><span class='ocrx_word' id='word_1_29' title='bbox 152 773 219 842; x_wconf 85' lang='lat' dir='ltr'>bus</span> <span class='ocrx_word' id='word_1_30' title='bbox 235 787 272 843; x_wconf 88' lang='lat' dir='ltr'>et</span> <span class='ocrx_word' id='word_1_31' title='bbox 286 770 526 842; x_wconf 80' lang='lat' dir='ltr'>validioribus</span> <span class='ocrx_word' id='word_1_32' title='bbox 538 795 614 840; x_wconf 85' lang='lat' dir='ltr'>rem</span> <span class='ocrx_word' id='word_1_33' title='bbox 624 794 709 841; x_wconf 83' lang='lat' dir='ltr'>esse.</span> <span class='ocrx_word' id='word_1_34' title='bbox 723 774 885 844; x_wconf 88' lang='lat' dir='ltr'>Consilio</span> <span class='ocrx_word' id='word_1_35' title='bbox 898 773 1063 860; x_wconf 88' lang='lat' dir='ltr'>dimiss0,</span> <span class='ocrx_word' id='word_1_36' title='bbox 1079 778 1220 874; x_wconf 82' lang='lat' dir='ltr'>signum</span> 
     </span>
     <span class='ocr_line' id='line_1_6' title="bbox 152 878 1218 981; baseline 0.005 -28"><span class='ocrx_word' id='word_1_37' title='bbox 152 907 282 980; x_wconf 85' lang='lat' dir='ltr'>pugnae</span> <span class='ocrx_word' id='word_1_38' title='bbox 296 883 533 980; x_wconf 83' lang='lat' dir='ltr'>proponitur,</span> <span class='ocrx_word' id='word_1_39' title='bbox 548 878 813 979; x_wconf 82' lang='lat' dir='ltr'>confestimque</span> <span class='ocrx_word' id='word_1_40' title='bbox 827 883 865 953; x_wconf 91' lang='lat' dir='ltr'>in</span> <span class='ocrx_word' id='word_1_41' title='bbox 878 885 990 954; x_wconf 82' lang='lat' dir='ltr'><strong>aciem</strong></span> <span class='ocrx_word' id='word_1_42' title='bbox 1004 886 1218 981; x_wconf 73' lang='lat' dir='ltr'>procedunt.</span> 
     </span>
    </p>

    <p class='ocr_par' dir='ltr' id='par_1_3' title="bbox 152 992 1281 2516">
     <span class='ocr_line' id='line_1_7' title="bbox 201 992 1218 1069; baseline 0.003 -6"><span class='ocrx_word' id='word_1_43' title='bbox 201 997 340 1064; x_wconf 86' lang='lat' dir='ltr'><strong>XLVII.</strong></span> <span class='ocrx_word' id='word_1_44' title='bbox 363 997 442 1063; x_wconf 81' lang='lat' dir='ltr'>lam</span> <span class='ocrx_word' id='word_1_45' title='bbox 466 992 588 1062; x_wconf 89' lang='lat' dir='ltr'>hostes</span> <span class='ocrx_word' id='word_1_46' title='bbox 611 1005 694 1062; x_wconf 88' lang='lat' dir='ltr'>ante</span> <span class='ocrx_word' id='word_1_47' title='bbox 714 1008 829 1064; x_wconf 86' lang='lat' dir='ltr'>castra</span> <span class='ocrx_word' id='word_1_48' title='bbox 851 996 1018 1066; x_wconf 83' lang='lat' dir='ltr'><strong>instructi</strong></span> <span class='ocrx_word' id='word_1_49' title='bbox 1044 996 1218 1069; x_wconf 87' lang='lat' dir='ltr'>stabant:</span> 
     </span>
     <span class='ocr_line' id='line_1_8' title="bbox 152 1100 1220 1202; baseline 0.006 -30"><span class='ocrx_word' id='word_1_50' title='bbox 152 1128 291 1174; x_wconf 88' lang='lat' dir='ltr'>moram</span> <span class='ocrx_word' id='word_1_51' title='bbox 319 1125 448 1200; x_wconf 86' lang='lat' dir='ltr'>pugnae</span> <span class='ocrx_word' id='word_1_52' title='bbox 480 1100 622 1188; x_wconf 86' lang='lat' dir='ltr'>attulit,</span> <span class='ocrx_word' id='word_1_53' title='bbox 646 1101 746 1198; x_wconf 91' lang='lat' dir='ltr'>quod</span> <span class='ocrx_word' id='word_1_54' title='bbox 774 1103 997 1188; x_wconf 82' lang='lat' dir='ltr'>Hasdrubal,</span> <span class='ocrx_word' id='word_1_55' title='bbox 1026 1121 1220 1202; x_wconf 85' lang='lat' dir='ltr'>provectus</span> 
     </span>
     <span class='ocr_line' id='line_1_9' title="bbox 152 1211 1221 1310; baseline 0.005 -27"><span class='ocrx_word' id='word_1_56' title='bbox 152 1228 237 1284; x_wconf 86' lang='lat' dir='ltr'>ante</span> <span class='ocrx_word' id='word_1_57' title='bbox 262 1215 362 1310; x_wconf 86' lang='lat' dir='ltr'>signa</span> <span class='ocrx_word' id='word_1_58' title='bbox 391 1235 475 1283; x_wconf 88' lang='lat' dir='ltr'>cum</span> <span class='ocrx_word' id='word_1_59' title='bbox 503 1211 626 1308; x_wconf 84' lang='lat' dir='ltr'><strong>paucis</strong></span> <span class='ocrx_word' id='word_1_60' title='bbox 651 1211 855 1307; x_wconf 90' lang='lat' dir='ltr'>equitibus,</span> <span class='ocrx_word' id='word_1_61' title='bbox 880 1228 981 1284; x_wconf 87' lang='lat' dir='ltr'>scuta</span> <span class='ocrx_word' id='word_1_62' title='bbox 1005 1223 1126 1285; x_wconf 80' lang='lat' dir='ltr'>vetera</span> <span class='ocrx_word' id='word_1_63' title='bbox 1152 1216 1221 1288; x_wconf 90' lang='lat' dir='ltr'>ho-</span> 
     </span>
     <span class='ocr_line' id='line_1_10' title="bbox 153 1322 1222 1422; baseline 0.004 -28"><span class='ocrx_word' id='word_1_64' title='bbox 153 1326 280 1394; x_wconf 86' lang='lat' dir='ltr'>stium¹</span> <span class='ocrx_word' id='word_1_65' title='bbox 299 1323 453 1409; x_wconf 87' lang='lat' dir='ltr'>notavit,</span> <span class='ocrx_word' id='word_1_66' title='bbox 471 1346 553 1418; x_wconf 74' lang='lat' dir='ltr'>quaa</span> <span class='ocrx_word' id='word_1_67' title='bbox 574 1335 657 1392; x_wconf 87' lang='lat' dir='ltr'>ante</span> <span class='ocrx_word' id='word_1_68' title='bbox 677 1346 755 1392; x_wconf 92' lang='lat' dir='ltr'>non</span> <span class='ocrx_word' id='word_1_69' title='bbox 769 1322 924 1410; x_wconf 89' lang='lat' dir='ltr'>viderat,</span> <span class='ocrx_word' id='word_1_70' title='bbox 944 1339 980 1396; x_wconf 90' lang='lat' dir='ltr'>et</span> <span class='ocrx_word' id='word_1_71' title='bbox 996 1326 1222 1422; x_wconf 84' lang='lat' dir='ltr'>strigosiores</span> 
     </span>
     <span class='ocr_line' id='line_1_11' title="bbox 152 1431 1277 1535; baseline 0 -29"><span class='ocrx_word' id='word_1_72' title='bbox 152 1460 290 1532; x_wconf 90' lang='lat' dir='ltr'>equos:</span> <span class='ocrx_word' id='word_1_73' title='bbox 306 1431 504 1503; x_wconf 88' lang='lat' dir='ltr'>multitudo</span> <span class='ocrx_word' id='word_1_74' title='bbox 520 1455 671 1528; x_wconf 88' lang='lat' dir='ltr'>quoque</span> <span class='ocrx_word' id='word_1_75' title='bbox 684 1432 801 1526; x_wconf 87' lang='lat' dir='ltr'>major</span> <span class='ocrx_word' id='word_1_76' title='bbox 815 1432 919 1503; x_wconf 86' lang='lat' dir='ltr'>solita</span> <span class='ocrx_word' id='word_1_77' title='bbox 933 1434 1006 1504; x_wconf 88' lang='lat' dir='ltr'>visa</span> <span class='ocrx_word' id='word_1_78' title='bbox 1021 1449 1085 1506; x_wconf 90' lang='lat' dir='ltr'>est.</span> <span class='ocrx_word' id='word_1_79' title='bbox 1102 1438 1223 1535; x_wconf 88' lang='lat' dir='ltr'>Suspi·</span> <span class='ocrx_word' id='word_1_80' title='bbox 1272 1468 1277 1489; x_wconf 84' lang='lat'>·</span> 
     </span>
     <span class='ocr_line' id='line_1_12' title="bbox 153 1541 1222 1643; baseline 0.002 -26"><span class='ocrx_word' id='word_1_81' title='bbox 153 1560 254 1617; x_wconf 88' lang='lat' dir='ltr'>catus</span> <span class='ocrx_word' id='word_1_82' title='bbox 279 1546 374 1615; x_wconf 90' lang='lat' dir='ltr'>enim</span> <span class='ocrx_word' id='word_1_83' title='bbox 394 1542 449 1629; x_wconf 90' lang='lat' dir='ltr'>id,</span> <span class='ocrx_word' id='word_1_84' title='bbox 470 1541 571 1638; x_wconf 92' lang='lat' dir='ltr'>quod</span> <span class='ocrx_word' id='word_1_85' title='bbox 592 1554 685 1630; x_wconf 89' lang='lat' dir='ltr'>erat,</span> <span class='ocrx_word' id='word_1_86' title='bbox 708 1545 873 1640; x_wconf 88' lang='lat' dir='ltr'>receptui</span> <span class='ocrx_word' id='word_1_87' title='bbox 895 1568 1052 1643; x_wconf 85' lang='lat' dir='ltr'>propere</span> <span class='ocrx_word' id='word_1_88' title='bbox 1072 1548 1222 1636; x_wconf 90' lang='lat' dir='ltr'>cecinit,</span> 
     </span>
     <span class='ocr_line' id='line_1_13' title="bbox 153 1650 1224 1754; baseline 0 -28"><span class='ocrx_word' id='word_1_89' title='bbox 153 1681 194 1726; x_wconf 89' lang='lat' dir='ltr'>ac</span> <span class='ocrx_word' id='word_1_90' title='bbox 219 1656 316 1727; x_wconf 85' lang='lat' dir='ltr'>misit</span> <span class='ocrx_word' id='word_1_91' title='bbox 337 1653 383 1725; x_wconf 86' lang='lat' dir='ltr'>ad</span> <span class='ocrx_word' id='word_1_92' title='bbox 401 1653 557 1739; x_wconf 88' lang='lat' dir='ltr'>flumen,</span> <span class='ocrx_word' id='word_1_93' title='bbox 577 1650 677 1722; x_wconf 92' lang='lat' dir='ltr'>unde</span> <span class='ocrx_word' id='word_1_94' title='bbox 700 1651 948 1749; x_wconf 86' lang='lat' dir='ltr'>aquabantur,</span> <span class='ocrx_word' id='word_1_95' title='bbox 971 1654 1036 1724; x_wconf 93' lang='lat' dir='ltr'>ubi</span> <span class='ocrx_word' id='word_1_96' title='bbox 1055 1670 1090 1726; x_wconf 89' lang='lat' dir='ltr'>et</span> <span class='ocrx_word' id='word_1_97' title='bbox 1108 1658 1224 1754; x_wconf 87' lang='lat' dir='ltr'>excipi</span> 
     </span>
     <span class='ocr_line' id='line_1_14' title="bbox 153 1762 1223 1863; baseline 0.002 -27"><span class='ocrx_word' id='word_1_98' title='bbox 153 1767 266 1862; x_wconf 86' lang='lat' dir='ltr'>aliqui</span> <span class='ocrx_word' id='word_1_99' title='bbox 281 1779 447 1863; x_wconf 87' lang='lat' dir='ltr'>possent,</span> <span class='ocrx_word' id='word_1_100' title='bbox 464 1778 501 1834; x_wconf 85' lang='lat' dir='ltr'>et</span> <span class='ocrx_word' id='word_1_101' title='bbox 514 1764 633 1833; x_wconf 87' lang='lat' dir='ltr'>notari</span> <span class='ocrx_word' id='word_1_102' title='bbox 647 1762 781 1854; x_wconf 92' lang='lat' dir='ltr'>oculis,</span> <span class='ocrx_word' id='word_1_103' title='bbox 797 1765 827 1834; x_wconf 91' lang='lat' dir='ltr'>si</span> <span class='ocrx_word' id='word_1_104' title='bbox 842 1766 906 1860; x_wconf 92' lang='lat' dir='ltr'>qui</span> <span class='ocrx_word' id='word_1_105' title='bbox 920 1762 1015 1835; x_wconf 87' lang='lat' dir='ltr'>sorte</span> <span class='ocrx_word' id='word_1_106' title='bbox 1030 1765 1223 1840; x_wconf 88' lang='lat' dir='ltr'>adustioris</span> 
     </span>
     <span class='ocr_line' id='line_1_15' title="bbox 153 1873 1224 1963; baseline 0.001 -16"><span class='ocrx_word' id='word_1_107' title='bbox 153 1877 323 1963; x_wconf 71' lang='lat' dir='ltr'>coloris2,</span> <span class='ocrx_word' id='word_1_108' title='bbox 342 1890 383 1946; x_wconf 91' lang='lat' dir='ltr'>ut</span> <span class='ocrx_word' id='word_1_109' title='bbox 399 1900 444 1944; x_wconf 83' lang='lat' dir='ltr'>ex</span> <span class='ocrx_word' id='word_1_110' title='bbox 460 1873 601 1944; x_wconf 90' lang='lat' dir='ltr'>recenti</span> <span class='ocrx_word' id='word_1_111' title='bbox 621 1873 697 1961; x_wconf 83' lang='lat' dir='ltr'>via,</span> <span class='ocrx_word' id='word_1_112' title='bbox 717 1887 857 1958; x_wconf 87' lang='lat' dir='ltr'>essent;</span> <span class='ocrx_word' id='word_1_113' title='bbox 878 1875 1224 1949; x_wconf 83' lang='lat' dir='ltr'>simul&#39;circumvehi</span> 
     </span>
     <span class='ocr_line' id='line_1_16' title="bbox 153 1982 1281 2084; baseline 0.004 -29"><span class='ocrx_word' id='word_1_114' title='bbox 153 1986 281 2083; x_wconf 89' lang='lat' dir='ltr'>procul</span> <span class='ocrx_word' id='word_1_115' title='bbox 297 1999 411 2056; x_wconf 86' lang='lat' dir='ltr'>castra</span> <span class='ocrx_word' id='word_1_116' title='bbox 426 1983 532 2079; x_wconf 88' lang='lat' dir='ltr'>jubet</span> <span class='ocrx_word' id='word_1_117' title='bbox 546 1982 817 2081; x_wconf 88' lang='lat' dir='ltr'>specularique,</span> <span class='ocrx_word' id='word_1_118' title='bbox 837 1991 1084 2056; x_wconf 87' lang='lat' dir='ltr'>num&#39;auctum</span> <span class='ocrx_word' id='word_1_119' title='bbox 1102 1987 1224 2084; x_wconf 88' lang='lat' dir='ltr'>aliqua</span> <span class='ocrx_word' id='word_1_120' title='bbox 1277 2020 1281 2031; x_wconf 92' lang='lat'><strong>·</strong></span> 
     </span>
     <span class='ocr_line' id='line_1_17' title="bbox 154 2092 1223 2193; baseline 0.003 -28"><span class='ocrx_word' id='word_1_121' title='bbox 154 2109 256 2193; x_wconf 89' lang='lat' dir='ltr'>parte</span> <span class='ocrx_word' id='word_1_122' title='bbox 271 2096 316 2165; x_wconf 90' lang='lat' dir='ltr'>sit</span> <span class='ocrx_word' id='word_1_123' title='bbox 333 2093 487 2179; x_wconf 85' lang='lat' dir='ltr'>vallum,</span> <span class='ocrx_word' id='word_1_124' title='bbox 503 2107 538 2165; x_wconf 90' lang='lat' dir='ltr'>et</span> <span class='ocrx_word' id='word_1_125' title='bbox 550 2108 590 2163; x_wconf 90' lang='lat' dir='ltr'>ut</span> <span class='ocrx_word' id='word_1_126' title='bbox 604 2092 815 2178; x_wconf 86' lang='lat' dir='ltr'>attendant,</span> <span class='ocrx_word' id='word_1_127' title='bbox 830 2096 941 2165; x_wconf 90' lang='lat' dir='ltr'>semel</span> <span class='ocrx_word' id='word_1_128' title='bbox 960 2094 1065 2166; x_wconf 91' lang='lat' dir='ltr'>bisne</span> <span class='ocrx_word' id='word_1_129' title='bbox 1079 2097 1223 2193; x_wconf 82' lang='lat' dir='ltr'>signum</span> 
     </span>
     <span class='ocr_line' id='line_1_18' title="bbox 154 2200 1220 2301; baseline 0.003 -25"><span class='ocrx_word' id='word_1_130' title='bbox 154 2219 259 2276; x_wconf 86' lang='lat' dir='ltr'>canat</span> <span class='ocrx_word' id='word_1_131' title='bbox 271 2206 309 2274; x_wconf 91' lang='lat' dir='ltr'>in</span> <span class='ocrx_word' id='word_1_132' title='bbox 323 2200 479 2276; x_wconf 81' lang='lat' dir='ltr'>castris³.</span> <span class='ocrx_word' id='word_1_133' title='bbox 494 2208 545 2274; x_wconf 87' lang='lat' dir='ltr'>Ea</span> <span class='ocrx_word' id='word_1_134' title='bbox 553 2228 668 2301; x_wconf 90' lang='lat' dir='ltr'>quum</span> <span class='ocrx_word' id='word_1_135' title='bbox 682 2201 811 2274; x_wconf 89' lang='lat' dir='ltr'>ordine</span> <span class='ocrx_word' id='word_1_136' title='bbox 824 2206 948 2274; x_wconf 89' lang='lat' dir='ltr'>omnia</span> <span class='ocrx_word' id='word_1_137' title='bbox 961 2206 1074 2276; x_wconf 85' lang='lat' dir='ltr'>relata</span> <span class='ocrx_word' id='word_1_138' title='bbox 1088 2223 1220 2296; x_wconf 87' lang='lat' dir='ltr'>essent,</span> 
     </span>
     <span class='ocr_line' id='line_1_19' title="bbox 154 2311 1222 2403; baseline 0 -15"><span class='ocrx_word' id='word_1_139' title='bbox 154 2311 269 2388; x_wconf 88' lang='lat' dir='ltr'>castra</span> <span class='ocrx_word' id='word_1_140' title='bbox 301 2314 392 2386; x_wconf 91' lang='lat' dir='ltr'>nihil</span> <span class='ocrx_word' id='word_1_141' title='bbox 422 2317 550 2385; x_wconf 70' lang='lat' dir='ltr'>aucta‘*</span> <span class='ocrx_word' id='word_1_142' title='bbox 579 2337 739 2395; x_wconf 80' lang='lat' dir='ltr'>errorem</span> <span class='ocrx_word' id='word_1_143' title='bbox 765 2311 956 2384; x_wconf 84' lang='lat' dir='ltr'>iaciebant.</span> <span class='ocrx_word' id='word_1_144' title='bbox 986 2316 1074 2386; x_wconf 92' lang='lat' dir='ltr'>Bina</span> <span class='ocrx_word' id='word_1_145' title='bbox 1101 2333 1222 2403; x_wconf 87' lang='lat' dir='ltr'>erant,</span> 
     </span>
     <span class='ocr_line' id='line_1_20' title="bbox 153 2423 1223 2516; baseline 0.002 -19"><span class='ocrx_word' id='word_1_146' title='bbox 153 2429 247 2498; x_wconf 90' lang='lat' dir='ltr'>sicut</span> <span class='ocrx_word' id='word_1_147' title='bbox 272 2441 356 2497; x_wconf 91' lang='lat' dir='ltr'>ante</span> <span class='ocrx_word' id='word_1_148' title='bbox 381 2424 579 2497; x_wconf 88' lang='lat' dir='ltr'>adventum</span> <span class='ocrx_word' id='word_1_149' title='bbox 607 2423 767 2494; x_wconf 91' lang='lat' dir='ltr'>consulis</span> <span class='ocrx_word' id='word_1_150' title='bbox 790 2424 937 2496; x_wconf 87' lang='lat' dir='ltr'>alterius</span> <span class='ocrx_word' id='word_1_151' title='bbox 962 2424 1127 2516; x_wconf 80' lang='lat' dir='ltr'>fuerant,</span> <span class='ocrx_word' id='word_1_152' title='bbox 1149 2453 1223 2500; x_wconf 92' lang='lat' dir='ltr'>una</span> 
     </span>
    </p>
   </div>
   <div class='ocr_carea' id='block_1_3' title="bbox 120 2619 1226 4028">
    <p class='ocr_par' dir='ltr' id='par_1_4' title="bbox 116 2619 1226 4028">
     <span class='ocr_line' id='line_1_21' title="bbox 154 2619 1225 2689; baseline -0.001 -18"><span class='ocrx_word' id='word_1_153' title='bbox 154 2640 208 2672; x_wconf 87' lang='lat' dir='ltr'>mus</span> <span class='ocrx_word' id='word_1_154' title='bbox 219 2624 353 2689; x_wconf 81' lang='lat' dir='ltr'>redirique,</span> <span class='ocrx_word' id='word_1_155' title='bbox 368 2625 409 2672; x_wconf 89' lang='lat' dir='ltr'>cui</span> <span class='ocrx_word' id='word_1_156' title='bbox 420 2636 515 2689; x_wconf 85' lang='lat' dir='ltr'>etque,</span> <span class='ocrx_word' id='word_1_157' title='bbox 531 2624 565 2672; x_wconf 91' lang='lat' dir='ltr'>ob</span> <span class='ocrx_word' id='word_1_158' title='bbox 579 2638 665 2670; x_wconf 86' lang='lat' dir='ltr'>accen·</span> <span class='ocrx_word' id='word_1_159' title='bbox 710 2632 734 2668; x_wconf 88' lang='lat' dir='ltr'>et</span> <span class='ocrx_word' id='word_1_160' title='bbox 747 2621 891 2680; x_wconf 83' lang='lat' dir='ltr'>macilenta,</span> <span class='ocrx_word' id='word_1_161' title='bbox 910 2622 948 2668; x_wconf 85' lang='lat' dir='ltr'>vel</span> <span class='ocrx_word' id='word_1_162' title='bbox 965 2619 1042 2668; x_wconf 85' lang='lat' dir='ltr'>macie</span> <span class='ocrx_word' id='word_1_163' title='bbox 1058 2622 1170 2670; x_wconf 80' lang='lat' dir='ltr'>confecta</span> <span class='ocrx_word' id='word_1_164' title='bbox 1186 2639 1225 2670; x_wconf 88' lang='lat' dir='ltr'>es·</span> 
     </span>
     <span class='ocr_line' id='line_1_22' title="bbox 154 2699 1224 2767; baseline -0.002 -16"><span class='ocrx_word' id='word_1_165' title='bbox 154 2714 219 2763; x_wconf 83' lang='lat' dir='ltr'>tum,</span> <span class='ocrx_word' id='word_1_166' title='bbox 232 2700 406 2767; x_wconf 79' lang='lat' dir='ltr'>molliusjuugi</span> <span class='ocrx_word' id='word_1_167' title='bbox 416 2714 500 2751; x_wconf 86' lang='lat' dir='ltr'>monet</span> <span class='ocrx_word' id='word_1_168' title='bbox 508 2705 594 2750; x_wconf 81' lang='lat' dir='ltr'>Bauer.</span> <span class='ocrx_word' id='word_1_169' title='bbox 710 2710 766 2747; x_wconf 82' lang='lat' dir='ltr'>sent</span> <span class='ocrx_word' id='word_1_170' title='bbox 775 2714 781 2747; x_wconf 90' lang='lat'>:</span> <span class='ocrx_word' id='word_1_171' title='bbox 791 2699 856 2746; x_wconf 88' lang='lat' dir='ltr'>unde</span> <span class='ocrx_word' id='word_1_172' title='bbox 865 2699 994 2762; x_wconf 77' lang='lat' dir='ltr'>strigosum</span> <span class='ocrx_word' id='word_1_173' title='bbox 1004 2709 1029 2745; x_wconf 83' lang='lat' dir='ltr'>et</span> <span class='ocrx_word' id='word_1_174' title='bbox 1037 2701 1101 2746; x_wconf 86' lang='lat' dir='ltr'>male</span> <span class='ocrx_word' id='word_1_175' title='bbox 1114 2699 1224 2749; x_wconf 76' lang='lat' dir='ltr'>labicum</span> 
     </span>
     <span class='ocr_line' id='line_1_23' title="bbox 189 2777 1224 2845; baseline 0.001 -18"><span class='ocrx_word' id='word_1_176' title='bbox 189 2783 215 2829; x_wconf 83' lang='lat'>6.</span> <span class='ocrx_word' id='word_1_177' title='bbox 228 2782 300 2829; x_wconf 75' lang='lat' dir='ltr'>Abas.</span> <span class='ocrx_word' id='word_1_178' title='bbox 309 2796 391 2831; x_wconf 80' lang='lat' dir='ltr'>errore</span> <span class='ocrx_word' id='word_1_179' title='bbox 399 2780 515 2838; x_wconf 67' lang='lat' dir='ltr'>bornum,</span> <span class='ocrx_word' id='word_1_180' title='bbox 528 2781 666 2844; x_wconf 82' lang='lat' dir='ltr'>ignorantia</span> <span class='ocrx_word' id='word_1_181' title='bbox 711 2792 799 2841; x_wconf 81' lang='lat' dir='ltr'>equrun</span> <span class='ocrx_word' id='word_1_182' title='bbox 823 2777 928 2824; x_wconf 75' lang='lat' dir='ltr'>Sabinus</span> <span class='ocrx_word' id='word_1_183' title='bbox 955 2777 1078 2824; x_wconf 84' lang='lat' dir='ltr'>Masurius</span> <span class='ocrx_word' id='word_1_184' title='bbox 1104 2781 1224 2845; x_wconf 85' lang='lat' dir='ltr'>opposuit</span> 
     </span>
     <span class='ocr_line' id='line_1_24' title="bbox 154 2853 1223 2928; baseline -0.003 -18"><span class='ocrx_word' id='word_1_185' title='bbox 154 2877 239 2910; x_wconf 86' lang='lat' dir='ltr'>eorum</span> <span class='ocrx_word' id='word_1_186' title='bbox 253 2856 327 2928; x_wconf 86' lang='lat' dir='ltr'>(dum</span> <span class='ocrx_word' id='word_1_187' title='bbox 340 2875 419 2923; x_wconf 84' lang='lat' dir='ltr'>neque</span> <span class='ocrx_word' id='word_1_188' title='bbox 435 2859 472 2908; x_wconf 79' lang='lat' dir='ltr'>itu·</span> <span class='ocrx_word' id='word_1_189' title='bbox 484 2859 579 2916; x_wconf 61' lang='lat' dir='ltr'>sciuit,</span> <span class='ocrx_word' id='word_1_190' title='bbox 598 2859 665 2918; x_wconf 83' lang='lat' dir='ltr'>etc.)</span> <span class='ocrx_word' id='word_1_191' title='bbox 711 2854 831 2902; x_wconf 78' lang='lat' dir='ltr'>uberrimo</span> <span class='ocrx_word' id='word_1_192' title='bbox 851 2866 876 2902; x_wconf 83' lang='lat' dir='ltr'>et</span> <span class='ocrx_word' id='word_1_193' title='bbox 897 2853 1045 2902; x_wconf 73' lang='lat' dir='ltr'>deditissimo</span> <span class='ocrx_word' id='word_1_194' title='bbox 1069 2857 1136 2920; x_wconf 89' lang='lat' dir='ltr'>apud</span> <span class='ocrx_word' id='word_1_195' title='bbox 1156 2861 1223 2907; x_wconf 88' lang='lat' dir='ltr'>Non.</span> 
     </span>
     <span class='ocr_line' id='line_1_25' title="bbox 153 2932 1224 3006; baseline -0.004 -18"><span class='ocrx_word' id='word_1_196' title='bbox 153 2941 287 3006; x_wconf 85' lang='lat' dir='ltr'>prudenter</span> <span class='ocrx_word' id='word_1_197' title='bbox 298 2938 428 2997; x_wconf 83' lang='lat' dir='ltr'>utendum,</span> <span class='ocrx_word' id='word_1_198' title='bbox 441 2938 598 2986; x_wconf 87' lang='lat' dir='ltr'>commodum</span> <span class='ocrx_word' id='word_1_199' title='bbox 609 2934 667 2984; x_wconf 79' lang='lat' dir='ltr'>iude</span> <span class='ocrx_word' id='word_1_200' title='bbox 711 2932 822 2983; x_wconf 78' lang='lat' dir='ltr'>Marcell.</span> <span class='ocrx_word' id='word_1_201' title='bbox 836 2951 862 2997; x_wconf 90' lang='lat' dir='ltr'>p.</span> <span class='ocrx_word' id='word_1_202' title='bbox 875 2934 937 2994; x_wconf 88' lang='lat'>196,</span> <span class='ocrx_word' id='word_1_203' title='bbox 952 2944 976 2981; x_wconf 87' lang='lat' dir='ltr'>et</span> <span class='ocrx_word' id='word_1_204' title='bbox 989 2935 1053 2983; x_wconf 90' lang='lat' dir='ltr'>Gell.</span> <span class='ocrx_word' id='word_1_205' title='bbox 1069 2938 1113 2995; x_wconf 83' lang='lat' dir='ltr'>lV,</span> <span class='ocrx_word' id='word_1_206' title='bbox 1128 2953 1169 2985; x_wconf 83' lang='lat' dir='ltr'>ao.</span> <span class='ocrx_word' id='word_1_207' title='bbox 1184 2939 1224 2987; x_wconf 83' lang='lat' dir='ltr'>cf.</span> 
     </span>
     <span class='ocr_line' id='line_1_26' title="bbox 154 3012 1224 3086; baseline -0.004 -18"><span class='ocrx_word' id='word_1_208' title='bbox 154 3020 310 3086; x_wconf 84' lang='lat' dir='ltr'>capiendum.</span> <span class='ocrx_word' id='word_1_209' title='bbox 324 3019 363 3069; x_wconf 87' lang='lat' dir='ltr'>cf.</span> <span class='ocrx_word' id='word_1_210' title='bbox 375 3018 406 3065; x_wconf 88' lang='lat' dir='ltr'>ad</span> <span class='ocrx_word' id='word_1_211' title='bbox 418 3020 520 3075; x_wconf 88' lang='lat' dir='ltr'>XXXI,</span> <span class='ocrx_word' id='word_1_212' title='bbox 538 3019 584 3075; x_wconf 81' lang='lat'>33,</span> <span class='ocrx_word' id='word_1_213' title='bbox 600 3034 624 3064; x_wconf 92' lang='lat' dir='ltr'>u.</span> <span class='ocrx_word' id='word_1_214' title='bbox 637 3033 666 3073; x_wconf 81' lang='lat' dir='ltr'>a,</span> <span class='ocrx_word' id='word_1_215' title='bbox 711 3012 755 3061; x_wconf 85' lang='lat' dir='ltr'>Sil.</span> <span class='ocrx_word' id='word_1_216' title='bbox 768 3014 827 3070; x_wconf 77' lang='lat' dir='ltr'>XV,</span> <span class='ocrx_word' id='word_1_217' title='bbox 839 3013 889 3067; x_wconf 72' lang='grc'>604</span> <span class='ocrx_word' id='word_1_218' title='bbox 903 3028 939 3075; x_wconf 70' lang='lat' dir='ltr'>tq·</span> <span class='ocrx_word' id='word_1_219' title='bbox 956 3013 1010 3079; x_wconf 85' lang='lat' dir='ltr'>(qui</span> <span class='ocrx_word' id='word_1_220' title='bbox 1020 3016 1159 3064; x_wconf 82' lang='lat' dir='ltr'>substrictos</span> <span class='ocrx_word' id='word_1_221' title='bbox 1170 3034 1224 3064; x_wconf 82' lang='lat' dir='ltr'>cor-</span> 
     </span>
     <span class='ocr_line' id='line_1_27' title="bbox 154 3091 1224 3160; baseline -0.004 -11"><span class='ocrx_word' id='word_1_222' title='bbox 154 3111 179 3149; x_wconf 81' lang='lat' dir='ltr'>et</span> <span class='ocrx_word' id='word_1_223' title='bbox 191 3101 302 3158; x_wconf 88' lang='lat' dir='ltr'>XXXV,</span> <span class='ocrx_word' id='word_1_224' title='bbox 318 3114 363 3156; x_wconf 69' lang='grc' dir='ltr'>ια,</span> <span class='ocrx_word' id='word_1_225' title='bbox 374 3114 400 3145; x_wconf 85' lang='lat' dir='ltr'>n.</span> <span class='ocrx_word' id='word_1_226' title='bbox 414 3098 439 3143; x_wconf 84' lang='lat'>6.</span> <span class='ocrx_word' id='word_1_227' title='bbox 458 3097 570 3143; x_wconf 83' lang='lat' dir='ltr'>Hostium</span> <span class='ocrx_word' id='word_1_228' title='bbox 583 3097 667 3144; x_wconf 83' lang='lat' dir='ltr'>absen·</span> <span class='ocrx_word' id='word_1_229' title='bbox 707 3107 755 3153; x_wconf 84' lang='lat' dir='ltr'>pus</span> <span class='ocrx_word' id='word_1_230' title='bbox 768 3107 845 3155; x_wconf 89' lang='lat' dir='ltr'>equos</span> <span class='ocrx_word' id='word_1_231' title='bbox 858 3091 972 3156; x_wconf 86' lang='lat' dir='ltr'>virosque</span> <span class='ocrx_word' id='word_1_232' title='bbox 986 3094 1062 3160; x_wconf 81' lang='lat' dir='ltr'>dicit)</span> <span class='ocrx_word' id='word_1_233' title='bbox 1074 3107 1098 3147; x_wconf 85' lang='lat' dir='ltr'>et</span> <span class='ocrx_word' id='word_1_234' title='bbox 1111 3097 1224 3145; x_wconf 86' lang='lat' dir='ltr'>Frontiu.</span> 
     </span>
     <span class='ocr_line' id='line_1_28' title="bbox 153 3170 1225 3239; baseline -0.007 -11"><span class='ocrx_word' id='word_1_235' title='bbox 153 3179 229 3237; x_wconf 66' lang='lat' dir='ltr'>dum,</span> <span class='ocrx_word' id='word_1_236' title='bbox 255 3176 400 3226; x_wconf 77' lang='lat' dir='ltr'>Hannibalis</span> <span class='ocrx_word' id='word_1_237' title='bbox 421 3174 574 3238; x_wconf 84' lang='lat' dir='ltr'>militumque</span> <span class='ocrx_word' id='word_1_238' title='bbox 597 3175 666 3234; x_wconf 85' lang='lat' dir='ltr'>ejus;</span> <span class='ocrx_word' id='word_1_239' title='bbox 712 3170 785 3220; x_wconf 84' lang='lat' dir='ltr'>Strat.</span> <span class='ocrx_word' id='word_1_240' title='bbox 801 3174 825 3231; x_wconf 87' lang='lat'>1,</span> <span class='ocrx_word' id='word_1_241' title='bbox 846 3187 922 3235; x_wconf 82' lang='lat' dir='ltr'>a,9,</span> <span class='ocrx_word' id='word_1_242' title='bbox 943 3175 1085 3237; x_wconf 77' lang='lat' dir='ltr'>quitumeu</span> <span class='ocrx_word' id='word_1_243' title='bbox 1104 3178 1225 3239; x_wconf 85' lang='lat'>1,1,9,</span> 
     </span>
     <span class='ocr_line' id='line_1_29' title="bbox 149 3250 1225 3323; baseline -0.004 -15"><span class='ocrx_word' id='word_1_244' title='bbox 149 3259 320 3323; x_wconf 72' lang='lat' dir='ltr'>praeentiam,</span> <span class='ocrx_word' id='word_1_245' title='bbox 330 3255 499 3306; x_wconf 81' lang='lat' dir='ltr'>Hasdrubalis.</span> <span class='ocrx_word' id='word_1_246' title='bbox 711 3250 772 3299; x_wconf 87' lang='lat' dir='ltr'>alios</span> <span class='ocrx_word' id='word_1_247' title='bbox 782 3262 894 3300; x_wconf 84' lang='lat' dir='ltr'>auctores</span> <span class='ocrx_word' id='word_1_248' title='bbox 904 3265 1033 3316; x_wconf 85' lang='lat' dir='ltr'>sequutus,</span> <span class='ocrx_word' id='word_1_249' title='bbox 1047 3255 1225 3304; x_wconf 87' lang='lat' dir='ltr'>Hasdrubalem</span> 
     </span>
     <span class='ocr_line' id='line_1_30' title="bbox 120 3331 1224 3401; baseline -0.004 -14"><span class='ocrx_word' id='word_1_250' title='bbox 120 3390 136 3401; x_wconf 43' lang='grc' dir='ltr'><strong><em>Γ</em></strong></span> <span class='ocrx_word' id='word_1_251' title='bbox 188 3337 249 3387; x_wconf 74' lang='lat' dir='ltr'>Cn.</span> <span class='ocrx_word' id='word_1_252' title='bbox 261 3339 364 3386; x_wconf 81' lang='lat' dir='ltr'>XLVII.</span> <span class='ocrx_word' id='word_1_253' title='bbox 375 3352 396 3384; x_wconf 89' lang='lat'>1.</span> <span class='ocrx_word' id='word_1_254' title='bbox 406 3337 481 3382; x_wconf 83' lang='lat' dir='ltr'>Scuta</span> <span class='ocrx_word' id='word_1_255' title='bbox 490 3344 540 3381; x_wconf 82' lang='lat' dir='ltr'>vet.</span> <span class='ocrx_word' id='word_1_256' title='bbox 548 3331 664 3389; x_wconf 79' lang='lat' dir='ltr'>hostium,</span> <span class='ocrx_word' id='word_1_257' title='bbox 711 3331 1133 3383; x_wconf 77' lang='lat' dir='ltr'>traditiusciumfuisseadventusN</span> <span class='ocrx_word' id='word_1_258' title='bbox 1147 3336 1224 3393; x_wconf 68' lang='lat' dir='ltr'>sonis.</span> 
     </span>
     <span class='ocr_line' id='line_1_31' title="bbox 185 3411 1225 3479; baseline -0.002 -15.124"><span class='ocrx_word' id='word_1_259' title='bbox 185 3427 218 3454; x_wconf 62' lang='lat'>³1</span> <span class='ocrx_word' id='word_1_260' title='bbox 268 3414 387 3475; x_wconf 85' lang='lat' dir='ltr'>Neronis,</span> <span class='ocrx_word' id='word_1_261' title='bbox 401 3429 512 3478; x_wconf 79' lang='lat' dir='ltr'>magnam</span> <span class='ocrx_word' id='word_1_262' title='bbox 521 3423 617 3478; x_wconf 87' lang='lat' dir='ltr'>partem</span> <span class='ocrx_word' id='word_1_263' title='bbox 628 3427 667 3459; x_wconf 88' lang='lat' dir='ltr'>ve·</span> <span class='ocrx_word' id='word_1_264' title='bbox 748 3411 1038 3470; x_wconf 78' lang='lat' dir='ltr'>a.Adrrstioriscolorr&#39;s,</span> <span class='ocrx_word' id='word_1_265' title='bbox 1055 3424 1102 3460; x_wconf 79' lang='lat' dir='ltr'>ete.</span> <span class='ocrx_word' id='word_1_266' title='bbox 1118 3425 1145 3462; x_wconf 88' lang='lat' dir='ltr'>ut</span> <span class='ocrx_word' id='word_1_267' title='bbox 1158 3415 1225 3479; x_wconf 87' lang='lat' dir='ltr'>apud</span> 
     </span>
     <span class='ocr_line' id='line_1_32' title="bbox 199 3490 1222 3558; baseline -0.002 -15.025"><span class='ocrx_word' id='word_1_268' title='bbox 199 3549 202 3558; x_wconf 32' lang='grc' dir='ltr'>Ι</span> <span class='ocrx_word' id='word_1_269' title='bbox 232 3520 243 3536; x_wconf 73' lang='lat'>·1</span> <span class='ocrx_word' id='word_1_270' title='bbox 260 3511 309 3552; x_wconf 72' lang='grc' dir='ltr'>ιω,</span> <span class='ocrx_word' id='word_1_271' title='bbox 330 3511 360 3542; x_wconf 86' lang='lat' dir='ltr'>ex</span> <span class='ocrx_word' id='word_1_272' title='bbox 381 3493 478 3542; x_wconf 82' lang='lat' dir='ltr'>duobus</span> <span class='ocrx_word' id='word_1_273' title='bbox 498 3491 668 3541; x_wconf 84' lang='lat' dir='ltr'>consularibus</span> <span class='ocrx_word' id='word_1_274' title='bbox 713 3490 1071 3552; x_wconf 68' lang='lat' dir='ltr'>Frontl,a,9,colorueiora</span> <span class='ocrx_word' id='word_1_275' title='bbox 1085 3491 1222 3552; x_wconf 75' lang='lat' dir='ltr'>domiuum,</span> 
     </span>
     <span class='ocr_line' id='line_1_33' title="bbox 198 3559 981 3637; baseline -0.015 -12"><span class='ocrx_word' id='word_1_276' title='bbox 198 3559 216 3582; x_wconf 48' lang='lat' dir='ltr'>l</span> <span class='ocrx_word' id='word_1_277' title='bbox 235 3585 246 3610; x_wconf 53' lang='lat' dir='ltr'>t</span> <span class='ocrx_word' id='word_1_278' title='bbox 284 3573 433 3637; x_wconf 54' lang='lat' dir='ltr'>eruutibus</span> <span class='ocrx_word' id='word_1_279' title='bbox 460 3584 484 3620; x_wconf 91' lang='lat' dir='ltr'>et</span> <span class='ocrx_word' id='word_1_280' title='bbox 510 3571 601 3630; x_wconf 82' lang='lat' dir='ltr'>tertio,</span> <span class='ocrx_word' id='word_1_281' title='bbox 627 3573 667 3620; x_wconf 86' lang='lat' dir='ltr'>cui</span> <span class='ocrx_word' id='word_1_282' title='bbox 712 3581 783 3617; x_wconf 74' lang='lat' dir='ltr'>uter</span> <span class='ocrx_word' id='word_1_283' title='bbox 795 3570 854 3625; x_wconf 81' lang='lat' dir='ltr'>viu,</span> <span class='ocrx_word' id='word_1_284' title='bbox 869 3585 981 3632; x_wconf 87' lang='lat' dir='ltr'>corpora.</span> 
     </span>
     <span class='ocr_line' id='line_1_34' title="bbox 226 3644 1225 3717; baseline -0.003 -15"><span class='ocrx_word' id='word_1_285' title='bbox 226 3644 228 3654; x_wconf 54' lang='lat'><strong><em>¹</em></strong></span> <span class='ocrx_word' id='word_1_286' title='bbox 261 3673 290 3690; x_wconf 51' lang='lat' dir='ltr'>a*</span> <span class='ocrx_word' id='word_1_287' title='bbox 316 3652 416 3701; x_wconf 73' lang='lat' dir='ltr'>&#39;ratensi</span> <span class='ocrx_word' id='word_1_288' title='bbox 425 3653 568 3717; x_wconf 69' lang='lat' dir='ltr'>praefuerat,</span> <span class='ocrx_word' id='word_1_289' title='bbox 578 3652 666 3700; x_wconf 83' lang='lat' dir='ltr'>electo·</span> <span class='ocrx_word' id='word_1_290' title='bbox 749 3652 772 3698; x_wconf 84' lang='lat'>3.</span> <span class='ocrx_word' id='word_1_291' title='bbox 782 3651 861 3696; x_wconf 78' lang='lat' dir='ltr'>Serae!</span> <span class='ocrx_word' id='word_1_292' title='bbox 868 3649 936 3696; x_wconf 81' lang='lat' dir='ltr'>bisne</span> <span class='ocrx_word' id='word_1_293' title='bbox 946 3648 1040 3712; x_wconf 73' lang='lat' dir='ltr'>signiam</span> <span class='ocrx_word' id='word_1_294' title='bbox 1055 3662 1132 3697; x_wconf 78' lang='lat' dir='ltr'>canat</span> <span class='ocrx_word' id='word_1_295' title='bbox 1145 3651 1169 3698; x_wconf 85' lang='lat' dir='ltr'>iu</span> <span class='ocrx_word' id='word_1_296' title='bbox 1183 3670 1225 3699; x_wconf 86' lang='lat' dir='ltr'>ca-</span> 
     </span>
     <span class='ocr_line' id='line_1_35' title="bbox 259 3720 1226 3796; baseline 0 -18"><span class='ocrx_word' id='word_1_297' title='bbox 259 3723 267 3742; x_wconf 60' lang='lat'>⁸</span> <span class='ocrx_word' id='word_1_298' title='bbox 280 3720 357 3795; x_wconf 58' lang='lat' dir='ltr'>¹hp.</span> <span class='ocrx_word' id='word_1_299' title='bbox 371 3731 456 3778; x_wconf 75' lang='lat'><strong>38.-</strong></span> <span class='ocrx_word' id='word_1_300' title='bbox 466 3730 668 3796; x_wconf 71' lang='lat' dir='ltr'>strigosioresque</span> <span class='ocrx_word' id='word_1_301' title='bbox 713 3729 783 3786; x_wconf 77' lang='lat' dir='ltr'>stris5</span> <span class='ocrx_word' id='word_1_302' title='bbox 798 3730 830 3776; x_wconf 87' lang='lat' dir='ltr'>cf.</span> <span class='ocrx_word' id='word_1_303' title='bbox 844 3739 896 3775; x_wconf 83' lang='lat' dir='ltr'>not.</span> <span class='ocrx_word' id='word_1_304' title='bbox 911 3727 941 3783; x_wconf 83' lang='lat'>5,</span> <span class='ocrx_word' id='word_1_305' title='bbox 957 3738 981 3773; x_wconf 87' lang='lat' dir='ltr'>et</span> <span class='ocrx_word' id='word_1_306' title='bbox 995 3727 1027 3773; x_wconf 87' lang='lat' dir='ltr'>ad</span> <span class='ocrx_word' id='word_1_307' title='bbox 1038 3730 1100 3786; x_wconf 86' lang='lat' dir='ltr'>Vll,</span> <span class='ocrx_word' id='word_1_308' title='bbox 1111 3730 1153 3788; x_wconf 83' lang='lat'>35,</span> <span class='ocrx_word' id='word_1_309' title='bbox 1163 3748 1226 3791; x_wconf 82' lang='lat' dir='ltr'>n.2;</span> 
     </span>
     <span class='ocr_line' id='line_1_36' title="bbox 284 3805 1223 3874; baseline 0.003 -18"><span class='ocrx_word' id='word_1_310' title='bbox 284 3805 285 3811; x_wconf 66' lang='grc'>’</span> <span class='ocrx_word' id='word_1_311' title='bbox 372 3808 474 3857; x_wconf 74' lang='lat' dir='ltr'>causet</span> <span class='ocrx_word' id='word_1_312' title='bbox 488 3825 592 3874; x_wconf 83' lang='lat' dir='ltr'>corpora</span> <span class='ocrx_word' id='word_1_313' title='bbox 605 3811 668 3857; x_wconf 82' lang='lat' dir='ltr'>lame</span> <span class='ocrx_word' id='word_1_314' title='bbox 713 3809 775 3866; x_wconf 83' lang='lat' dir='ltr'>Vll,</span> <span class='ocrx_word' id='word_1_315' title='bbox 788 3814 915 3864; x_wconf 68' lang='lat' dir='ltr'>to,n.ls;</span> <span class='ocrx_word' id='word_1_316' title='bbox 932 3805 975 3852; x_wconf 82' lang='lat' dir='ltr'>Sil.</span> <span class='ocrx_word' id='word_1_317' title='bbox 987 3805 1004 3853; x_wconf 88' lang='lat' dir='ltr'>l.</span> <span class='ocrx_word' id='word_1_318' title='bbox 1016 3806 1033 3855; x_wconf 88' lang='grc'>1.</span> <span class='ocrx_word' id='word_1_319' title='bbox 1046 3819 1071 3856; x_wconf 86' lang='lat' dir='ltr'>et</span> <span class='ocrx_word' id='word_1_320' title='bbox 1084 3809 1138 3856; x_wconf 85' lang='lat' dir='ltr'>Mil.</span> <span class='ocrx_word' id='word_1_321' title='bbox 1149 3812 1223 3859; x_wconf 82' lang='lat' dir='ltr'>Rom.</span> 
     </span>
     <span class='ocr_line' id='line_1_37' title="bbox 456 3886 1080 3950; baseline -0.005 -14.581"><span class='ocrx_word' id='word_1_322' title='bbox 456 3886 583 3936; x_wconf 79' lang='lat' dir='ltr'>laboribus</span> <span class='ocrx_word' id='word_1_323' title='bbox 598 3889 668 3937; x_wconf 91' lang='lat' dir='ltr'>valde</span> <span class='ocrx_word' id='word_1_324' title='bbox 713 3889 746 3945; x_wconf 87' lang='lat' dir='ltr'>V,</span> <span class='ocrx_word' id='word_1_325' title='bbox 760 3904 785 3950; x_wconf 85' lang='lat'>9.</span> <span class='ocrx_word' id='word_1_326' title='bbox 1076 3937 1080 3945; x_wconf 32' lang='lat'>¹</span> 
     </span>
     <span class='ocr_line' id='line_1_38' title="bbox 366 3963 1225 4028; baseline 0.005 -15"><span class='ocrx_word' id='word_1_327' title='bbox 366 4021 368 4028; x_wconf 32' lang='grc' dir='ltr'>Ι</span> <span class='ocrx_word' id='word_1_328' title='bbox 388 3989 404 4007; x_wconf 48' lang='lat'>1*</span> <span class='ocrx_word' id='word_1_329' title='bbox 457 3997 465 4023; x_wconf 91' lang='lat'>,</span> <span class='ocrx_word' id='word_1_330' title='bbox 483 3965 590 4015; x_wconf 81' lang='lat' dir='ltr'>adducta</span> <span class='ocrx_word' id='word_1_331' title='bbox 610 3984 669 4015; x_wconf 89' lang='lat' dir='ltr'>con·</span> <span class='ocrx_word' id='word_1_332' title='bbox 750 3974 774 4021; x_wconf 69' lang='lat' dir='ltr'>s.</span> <span class='ocrx_word' id='word_1_333' title='bbox 794 3966 881 4012; x_wconf 80' lang='lat' dir='ltr'>Castra</span> <span class='ocrx_word' id='word_1_334' title='bbox 897 3963 960 4010; x_wconf 80' lang='lat' dir='ltr'>nihil</span> <span class='ocrx_word' id='word_1_335' title='bbox 977 3975 1052 4012; x_wconf 81' lang='lat' dir='ltr'>aucta</span> <span class='ocrx_word' id='word_1_336' title='bbox 1068 3963 1141 4027; x_wconf 84' lang='lat' dir='ltr'>(vida</span> <span class='ocrx_word' id='word_1_337' title='bbox 1156 3969 1225 4026; x_wconf 80' lang='lat' dir='ltr'>adl,</span> 
     </span>
    </p>
   </div>
   <div class='ocr_carea' id='block_1_4' title="bbox 403 4040 1226 4197">
    <p class='ocr_par' dir='ltr' id='par_1_5' title="bbox 403 4040 1226 4197">
     <span class='ocr_line' id='line_1_39' title="bbox 403 4040 1226 4123; baseline 0 -28"><span class='ocrx_word' id='word_1_338' title='bbox 403 4040 489 4116; x_wconf 46' lang='lat' dir='ltr'>3¹blo</span> <span class='ocrx_word' id='word_1_339' title='bbox 499 4045 576 4109; x_wconf 74' lang='lat' dir='ltr'>magis</span> <span class='ocrx_word' id='word_1_340' title='bbox 588 4046 669 4092; x_wconf 83' lang='lat' dir='ltr'>tenuia</span> <span class='ocrx_word' id='word_1_341' title='bbox 715 4045 758 4103; x_wconf 80' lang='lat'>53,</span> <span class='ocrx_word' id='word_1_342' title='bbox 774 4059 799 4091; x_wconf 86' lang='lat' dir='ltr'>n.</span> <span class='ocrx_word' id='word_1_343' title='bbox 813 4042 838 4107; x_wconf 85' lang='lat' dir='ltr'>r)</span> <span class='ocrx_word' id='word_1_344' title='bbox 857 4040 1112 4123; x_wconf 52' lang='lat' dir='ltr'>erroremsaeiqbant,</span> <span class='ocrx_word' id='word_1_345' title='bbox 1130 4045 1226 4096; x_wconf 80' lang='lat' dir='ltr'>dubita·</span> 
     </span>
     <span class='ocr_line' id='line_1_40' title="bbox 1011 4153 1051 4197; baseline 0 0"><span class='ocrx_word' id='word_1_346' title='bbox 1011 4154 1030 4197; x_wconf 78' lang='lat'><em>2</em></span> <span class='ocrx_word' id='word_1_347' title='bbox 1039 4153 1051 4197; x_wconf 88' lang='lat' dir='ltr'>l</span> 
     </span>
    </p>
   </div>
   <div class='ocr_carea' id='block_1_5' title="bbox 0 0 1404 4568">
    <p class='ocr_par' dir='ltr' id='par_1_6' title="bbox 0 0 1404 4568">
     <span class='ocr_line' id='line_1_41' title="bbox 0 0 1404 4568; baseline 0 0"><span class='ocrx_word' id='word_1_348' title='bbox 0 0 1404 4568; x_wconf 95' lang='lat' dir='ltr'> </span> 
     </span>
    </p>
   </div>
  </div>
 </body>
</html>
