2768 4574
183 299 306 406 atta:
340 320 432 386 ιιι.
457 319 616 385 xxva.
645 319 751 386 cir.
778 322 915 388 xciv.
941 322 1049 389 xcv.
1144 323 1211 418 317

157 438 369 509 exercitibus
388 463 469 508 cum
487 438 690 509 clarissimis
715 440 865 510 ducibus
884 442 1017 513 deletis.
1036 447 1136 516 Nam
1157 451 1215 514 iti-

157 554 251 619 neris
273 549 418 646 quidem
441 547 618 618 celeritate
636 575 683 618 esc
699 554 882 646 Hispania
903 569 939 622 et
961 561 1144 626 concitatis
1166 557 1219 626 acl

159 684 264 727 arma
279 657 419 754 gallicis
431 657 597 753 genn‘bus
615 657 727 728 multo
746 666 877 754 magis,
897 687 1009 757 quam
1024 666 1216 736 Hanniba·

155 767 228 838 'lem
251 776 383 865 ipsum,
402 767 554 863 gloriari
567 792 688 864 posse.
720 771 863 865 Quippe
887 775 924 839 in
947 777 989 841 iis
1011 771 1095 844 locis
1119 775 1217 845 hunc

158 885 313 974 coegisse
330 883 542 961 exercitum,
565 876 696 973 quibus
718 876 777 947 ille
794 881 968 973 majorem
982 897 1130 976 partem
1150 890 1216 953 mi·

160 988 261 1059 litum
270 989 380 1078 fame
396 1010 440 1055 ac
451 988 610 1081 frigore,
627 1011 711 1082 quae
724 993 923 1068 miserrima
942 996 1064 1059 mortis
1081 1015 1217 1086 genera

157 1095 255 1186 sunt,
273 1101 458 1167 amisisset.
477 1093 702 1190 Adjiciebant
716 1098 822 1167 etiam
840 1100 945 1194 periti
960 1124 1081 1170 rerum
1096 1102 1218 1199 Hispa·

159 1210 241 1296 niae,
257 1206 363 1276 haud
371 1230 453 1275 cum
472 1211 592 1301 ignoto
606 1205 698 1276 duce
717 1210 752 1278 C.
766 1213 912 1279 Nerone
928 1233 1218 1306 congressurum,-

158 1319 225 1389 sed
243 1342 350 1415 quem
367 1322 403 1386 in
418 1314 513 1387 saltu
528 1312 723 1414 impedito⁵
738 1317 1099 1414 deprehensussorte,
1115 1320 1222 1408 haud
1325 1352 1331 1359 ·

158 1453 259 1499 secus
281 1453 392 1525 quam
406 1450 583 1523 puerum,
604 1427 866 1498 conscribendis
873 1428 1075 1518 fallacibus
1095 1431 1219 1499 condi·

163 1538 317 1609 tionibus
322 1542 430 1634 pacis
429 1537 630 1626 frustratus
645 1534 812 1606 elusisset.
822 1538 952 1608 Omnia
967 1538 1103 1632 majora
1113 1540 1219 1611 etiam

160 1673 246 1719 vero
262 1646 421 1745 praesidia
436 1646 612 1731 hostium,
633 1647 772 1715 minora
788 1670 867 1730 sua,
885 1661 983 1716 metu
997 1648 1218 1745 interprete,

161 1782 303 1856 semper
320 1758 359 1826 in
379 1756 557 1826 deteriora
581 1754 775 1840 inclinato,
791 1753 991 1824 ducebant..

179 1948 182 1954 ¹
207 1871 313 1937 XLV.
346 1869 463 1948 Nera,
491 1878 685 1960 postquam
710 1865 784 1958 jam
810 1878 951 1934 tantum
974 1865 1150 1935 intervalli
1171 1865 1217 1937 ab

160 1975 264 2045 hoste
283 1974 415 2045 fecerat
426 1984 453 2060 ¹,
471 1987 512 2043 ut
531 1972 648 2068 detegi
667 1973 857 2044 consilium
873 1974 956 2044 satis
971 1988 1089 2045 tutum
1100 1991 1217 2064 esset,

160 2086 284 2182 paucis
306 2082 437 2154 milites
458 2081 667 2176 alloquitur.
687 2087 801 2178 Negat
817 2081 923 2152 ullius
942 2083 1216 2155 consiliumim-

155 2199 334 2292 peratons
358 2200 394 2262 in
416 2198 570 2290 speciem
589 2193 779 2278 audacius,
799 2218 837 2263 re
859 2201 939 2290 gisa
960 2200 1068 2263 tutius
1080 2196 1217 2285 fuisse,

158 2331 271 2402 quam
301 2329 419 2375 suum.
446 2302 513 2373 Ad
536 2317 669 2372 certam
697 2325 757 2370 eos
785 2325 825 2370 se
849 2307 1037 2372 uictoriam
1066 2304 1218 2376 ducere:

160 2422 295 2513 quippe
312 2415 366 2484 ad
384 2413 488 2511 quod
501 2411 634 2482 bellum
655 2410 792 2505 collega
810 2434 882 2479 non
905 2426 1008 2497 ante,
1030 2436 1142 2508 quarn
1169 2413 1222 2482 aal

159 2530 360 2599 satietatem
392 2529 502 2620 ipsius
522 2524 693 2620 peditum
721 2536 831 2616 atque
854 2527 1015 2616 equuum
1043 2522 1142 2593 datce
1169 2522 1218 2593 ab

160 2650 286 2702 senatu
300 2640 414 2730 copiae
417 2636 578 2724 fuissent
595 2633 751 2724 majores
764 2636 1087 2727 instructioresque,
1107 2657 1218 2728 quarn

161 2746 194 2808 si
211 2743 378 2811 adversus
398 2749 515 2838 ipsum
531 2738 778 2810 Hannibalem
798 2744 876 2824 iret,
895 2741 1077 2835 profhetia
1094 2747 1155 2827 sit,
1176 2767 1218 2811 eo

162 2857 275 2948 ipsos,
301 2868 634 2948 quantumcumque
657 2854 791 2919 virium
821 2864 1041 2918 momentum
1068 2851 1217 2925 addide-

162 2967 235 3030 rint
247 2971 272 3047 ²,
302 2985 377 3029 rem
402 2984 545 3029 omnem
573 2959 815 3028 inclinaturos.
842 2957 1021 3027 Auditum
1048 2960 1219 3031 modain

160 3078 240 3142 acie
265 3074 390 3164 (nam,
416 3094 461 3138 ne
488 3086 572 3139 ante
598 3068 799 3154 audiretur,
829 3067 999 3138 daturum
1026 3073 1217 3168 operam),

162 3182 314 3252 alterurn
329 3179 521 3251 ,consulem
547 3195 583 3249 et
606 3177 757 3249 alterum
786 3185 981 3249 exercitum
1004 3182 1216 3264 advenisse,

196 3359 222 3404 5.
230 3360 305 3420 Quem
313 3360 338 3406 in
346 3359 411 3406 saltu
420 3358 533 3422 impedito
538 3393 546 3416 ,
558 3370 606 3405 ete.
618 3357 668 3404 vid.
713 3367 761 3417 rat,
779 3359 929 3416 absolverat,
947 3340 1032 3408 nactus
1049 3340 1119 3417 erati
1131 3359 1219 3405 Bauer.
1244 3379 1247 3384 ·

64 3492 66 3497 Α
162 3437 448 3496 xxv1,17,etad1x,
460 3438 668 3494 a,n.5.-Metu
748 3453 772 3483 a.
792 3437 884 3484 Viriam
900 3449 1045 3485 momentum
1060 3435 1216 3494 addiderint,

161 3513 304 3575 interprete,
319 3516 411 3575 judicia
431 3517 460 3562 iis
480 3525 623 3579 suggerente
640 3531 668 3562 ac
712 3516 847 3572 cumulum,
859 3518 908 3563 vim
917 3527 1012 3563 aucum
1022 3515 1111 3563 virium
1120 3518 1169 3576 jam
1182 3526 1219 3565 eet

160 3593 541 3657 tegente.-—Quidquidvirium
551 3594 668 3643 habereut
713 3593 860 3652 validarum,
877 3593 1067 3658 Uebergewielit,·
1080 3596 1164 3642 Bauer.
1178 3594 1218 3646 Cf.

161 3670 385 3733 hostes,augebant
393 3662 511 3728 Romani,
522 3674 668 3720 metuuiter·
711 3673 777 3728 adl,
795 3680 837 3732 47,
849 3688 875 3718 n.
892 3689 914 3731 7.
930 3699 965 3707 -
978 3674 1030 3728 Eo,
1047 3673 1073 3718 in
1091 3688 1120 3719 eo
1137 3672 1217 3731 bello,

162 3760 241 3813 prete;
253 3749 374 3812 quidquid
386 3762 467 3798 autem
479 3753 526 3816 ipsi
535 3751 666 3809 haberent,
711 3751 774 3814 ipsos
789 3765 839 3797 rem
854 3765 948 3796 ornnem
964 3750 1134 3808 inclinaturus,
1152 3767 1217 3798 eum-

160 3827 319 3885 minuebant,
340 3827 445 3876 fortunae
470 3844 519 3876 sote
540 3830 589 3888 jam
615 3846 667 3878 non
687 3843 689 3847 ·
710 3845 773 3877 ιιιιιιι
789 3830 823 3876 rei
836 3829 1057 3892 dirempturos,sie
1066 3830 1164 3878 wirden
1173 3831 1218 3878 der

160 3905 272 3955 fidentes.
286 3909 332 3956 En.
710 3907 787 3956 Saclle
808 3908 855 3954 den
876 3907 1012 3972 Aussclilag
1028 3909 1121 3972 geben,·
1140 3912 1215 3960 Doer.

197 3989 257 4036 Cae.
272 3988 348 4035 XLV,
367 4002 389 4033 1.
407 3990 488 4051 Postq,
501 3987 558 4052 jain
572 3997 667 4034 toruum
711 3989 783 4038 Conf.
796 3987 827 4035 acl
837 3985 889 4045 tx,
905 4003 950 4044 ιι,
964 4004 989 4034 ιι.
1004 4004 1028 4034 a.
1039 4015 1072 4025 -
1083 3989 1216 4046 Auditum

159 4064 283 4117 intervalli
296 4067 328 4114 ab
347 4063 415 4127 hoste
426 4065 538 4148 fimat,
556 4067 666 4121 confece·
711 4067 767 4114 ride
775 4082 848 4131 euprn
859 4066 891 4124 ad
899 4066 943 4114 lib.
954 4070 979 4126 1,
991 4083 1044 4131 erp.
1057 4069 1102 4128 53,
1111 4084 1137 4116 ιι.
1147 4084 1169 4116 ι.
1180 4094 1216 4105 -
