2768 4574
192 273 313 380 3233,ss
418 291 569 358 arasa
597 291 716 358 xxv.
745 290 850 379 car.
873 291 972 360 arv.
1182 294 1227 392 39

165 429 237 500 ret,
248 413 381 484 clamor
391 409 543 480 militum
555 409 824 506 aspernantium
834 425 907 480 tam
917 391 1024 508 segne
1034 413 1227 510 imperium

166 522 338 619 disjecit².
353 522 517 592 Proxima
529 535 640 617 portae
656 519 816 589 hostium
830 534 905 590 erat
919 520 1049 592 cohors
1063 521 1226 620 Peligna,

166 633 269 727 cujus
290 628 476 729 praefectus
495 628 622 703 Vibius
640 625 835 726 Accuaeus³
854 633 1226 728 arreptum'vexillum

166 756 264 812 tram
283 741 415 812 vallum
433 741 592 812 hostium
610 742 758 837 trajecit.
780 745 990 825 Exsecratns
1008 741 1093 813 iude
1115 767 1226 840 seque

166 867 202 923 et
220 850 425 939 cohortem,
444 852 473 921 si
488 853 565 946 ejus
580 850 699 922 vexilli
717 851 839 922 hostes
851 852 957 948 potiti
975 865 1111 940 essent,
1128 853 1226 950 priu—
1316 903 1322 914 .

166 987 249 1060 ceps
269 964 347 1059 ipse
369 987 434 1059 per
456 960 586 1033 fossam
609 960 815 1058 vallumque
839 962 876 1030 in
904 974 1017 1030 castra
1044 962 1223 1059 irrumpit.

163 1077 314 1171 Jamque
332 1075 425 1142 intra
442 1072 575 1142 vallum
588 1073 724 1171 Peligni
740 1069 968 1170 pugnabant,
984 1095 1097 1168 quum
1115 1071 1226 1157 altera

163 1198 285 1278 parte,
299 1182 443 1254 Valerio
461 1183 586 1253 Fla‘cco
607 1182 755 1253 tribuno
773 1183 928 1253 militum
946 1182 1058 1253 tertiae
1076 1181 1226 1277 legionis

165 1291 407 1390 exprobrante
428 1295 599 1364 Romanis
619 1294 816 1390 ignaviam,
835 1295 898 1391 qui
915 1294 1020 1379 sociis
1038 1307 1227 1390 captorum

164 1415 363 1472 castrorum
382 1402 623 1474 concederent
642 1402 772 1492 decus,
787 1409 826 1474 T.
842 1404 1040 1492 Pedanius,
1058 1404 1226 1501 princeps

162 1513 300 1608 primus
319 1515 483 1584 centurio
492 1517 519 1601 ⁴,
535 1539 649 1610 quum
670 1513 840 1611 signifero
857 1515 999 1612 signum
1018 1512 1227 1596 ademisset,

161 1651 179 1685 τ(
193 1629 270 1695 Jam
279 1624 351 1696 hoc
365 1627 506 1722 signum
518 1640 553 1696 et
565 1625 624 1696 hic
639 1628 819 1714 centurio,
834 1625 971 1722 inquit,
987 1625 1081 1693 intra
1092 1621 1227 1719 vallum

161 1735 352 1807 «hostium
373 1739 451 1808 erit.
473 1741 695 1832 Sequantur,
714 1738 778 1833 qui
798 1737 877 1835 capi
894 1737 1035 1832 signum
1057 1732 1103 1803 ab
1121 1732 1225 1805 hoste

161 1848 414 1946 «prohibituri
438 1863 533 1919 sunt.
552 1879 569 1913 »
590 1838 831 1944 Manipulares
853 1850 908 1918 sui
928 1848 1087 1944 primum
1109 1860 1224 1915 trans-

162 1957 377 2028 cendentem
396 1956 546 2044 fossam,
568 1957 653 2026 dein
678 1958 770 2052 legio
793 1972 868 2028 tota
887 1971 1041 2053 sequuta
1061 1969 1125 2026 est.
1148 1960 1225 2025 Jam

163 2080 198 2135 et
221 2066 369 2154 consul,
395 2065 440 2136 ad
466 2081 700 2163 conspectum
728 2067 1068 2164 transgredientium
1092 2055 1225 2135 vallum

161 2190 300 2248 mutato
322 2177 490 2264 consilio,
510 2175 555 2246 ab
572 2176 776 2248 revocando
792 2177 837 2248 ad
854 2175 1057 2248 incitandos
1075 2175 1224 2246 hortan-

161 2285 299 2383 dosque
308 2312 433 2358 versus
444 2287 590 2373 milites,
603 2286 811 2374 ostendere,
821 2289 859 2357 in
869 2301 1008 2385 quanto
1018 2286 1223 2357 discrimine

160 2421 201 2468 ac
215 2399 375 2494 periculo
387 2397 579 2470 fortissima
593 2399 724 2470 cohors
736 2387 917 2479 sociorum
931 2413 968 2470 et
983 2399 1114 2469 civium
1129 2397 1223 2492 legio

161 2520 262 2577 esset.
283 2512 410 2604 Itaque
427 2533 495 2606 pro
517 2534 554 2578 se
577 2510 731 2606 quisque
754 2534 882 2580 omnes
903 2534 969 2607 per
987 2533 1088 2605 aequa
1114 2523 1222 2605 atque

159 2616 283 2711 iniqua
300 2618 398 2707 loca,
416 2644 530 2716 quum
544 2619 707 2715 undique
727 2620 797 2691 tela
819 2620 1098 2715 conjicerentur,
1112 2641 1223 2686 arma-

160 2751 232 2823 que
250 2742 285 2798 et
308 2754 460 2827 corpora
484 2728 605 2815 hostes
630 2728 847 2825 objicerent,
868 2727 1073 2826 pervadunt
1091 2728 1222 2796 irrum-

159 2923 268 2988 potuisse
276 2923 392 2972 videatur.
404 2927 492 2973 En-
509 2925 669 2973 Eouersuros
712 2925 859 2990 Polyb.VI,
872 2931 919 2980 aa:
928 2924 1034 2985 Utrique
1046 2922 1119 2974 etiam
1128 2930 1222 2992 praeto-

159 3002 245 3050 bellum
252 3039 259 3061 ,
275 3004 327 3050 scil.
339 3020 365 3050 se
377 3014 402 3051 et
410 3004 537 3067 collegam.
711 3022 749 3053 res
758 3007 808 3064 tx,
825 3005 869 3062 16,
881 3015 906 3052 et
919 3005 1022 3060 xxm,
1037 3016 1085 3063 19,
1097 3000 1221 3048 dicuntur.

194 3098 218 3130 a.
242 3085 302 3130 Tam
322 3098 393 3147 segue
414 3082 539 3147 imperium
556 3082 665 3147 disjecit,·
711 3085 783 3134 Cous.
796 3085 862 3149 Lips.
879 3084 933 3132 Mil.
947 3098 1009 3132 rom.
1023 3085 1048 3141 I,
1064 3097 1091 3140 73
1106 3082 1144 3139 ΙΙ,
1160 3094 1220 3125 ιο.»

158 3162 214 3210 vide
228 3163 362 3222 adXXIV,
376 3179 441 3221 a,n.
454 3179 478 3222 7.
489 3163 522 3213 Τὸ
536 3178 607 3226 segue
616 3174 666 3210 tam
710 3163 777 3212 nuk.
796 3165 941 3228 Cognomen
960 3162 1028 3210 abest
1042 3160 1072 3206 ab
1092 3157 1148 3206 edd.
1164 3168 1221 3204 ante

158 3241 190 3288 ad
208 3242 347 3291 tarditatem
370 3258 522 3304 moramque,
545 3257 615 3306 quam
635 3241 666 3288 ad
710 3246 786 3292 Gron.
800 3242 843 3306 qui
858 3242 998 3290 addendum
1013 3241 1062 3287 hoc
1078 3236 1220 3286 etitascri·

158 3319 277 3383 ignaviam
285 3333 423 3385 metumque
430 3319 666 3385 spectat-Cohors
709 3323 818 3371 bendum
828 3324 932 3372 monuit.
942 3323 1026 3370 Aecus
1040 3317 1127 3383 optimi
1143 3316 1220 3372 MSS,

107 3436 114 3449 .
158 3396 275 3464 Peligna,·
289 3401 345 3449 vide
356 3402 432 3461 adX,
447 3402 491 3459 33,
505 3417 530 3447 n.
543 3417 564 3448 1.
711 3412 735 3450 at
751 3418 804 3466 cap.
822 3412 885 3450 extr.
900 3404 1019 3453 Accarus;
1034 3397 1075 3442 alii
1088 3397 1181 3442 Acccus
1197 3404 1222 3439 et

194 3479 217 3526 3.
232 3479 313 3526 Vibius
323 3482 434 3538 Acuaeus,
446 3479 564 3528 oriundus
574 3480 665 3528 Accua.
710 3480 820 3528 Acceius.
830 3480 902 3528 Cous.
913 3475 1080 3541 Intpp.Valer.
1090 3474 1158 3520 Max.
1170 3472 1220 3529 111,

158 3558 332 3606 «stancona
346 3559 443 3618 XXIV,
464 3575 508 3618 ao,
529 3559 555 3605 in
575 3558 665 3622 Apulia
711 3574 739 3618 a,
752 3574 837 3607 ao.—
849 3557 969 3606 Vexillum
985 3565 1052 3601 trans
1068 3552 1163 3599 vallum
1177 3548 1220 3595 lto·

157 3637 254 3684 videtur
270 3637 346 3701 poni,
368 3653 420 3686 non
435 3638 462 3685 in
475 3639 622 3703 Campania,
642 3649 666 3685 et
709 3637 781 3685 stium
792 3636 902 3700 trajecit,·
915 3634 981 3682 conf.
994 3633 1073 3690 XXI,
1088 3630 1136 3688 26;
1149 3629 1219 3685 xm,

157 3714 209 3765 haec
219 3715 307 3763 cohors
316 3717 414 3780 Peligna
425 3717 486 3778 fuit,
498 3719 537 3765 cui
546 3734 590 3766 cur
600 3718 666 3781 Apu·
711 3724 726 3772 l,
739 3733 776 3782 pr.
791 3726 815 3763 et
828 3715 859 3762 ad
872 3716 916 3771 IV,
927 3729 973 3775 29,
984 3728 1008 3760 u.
1021 3726 1042 3758 ι,
1115 3706 1125 3716 ‘

156 3795 207 3843 lum
228 3796 379 3858 praefecerint
399 3795 507 3859 Peligni,
526 3812 597 3844 eausa
614 3811 665 3843 non
745 3804 769 3850 a.
782 3793 894 3856 Princeps
905 3792 998 3855 primus
1012 3787 1138 3836 centurio:
1152 3785 1217 3850 Lips.
1283 3808 1286 3813 ·

157 3885 265 3941 apparet.
278 3873 396 3921 Caeterum
407 3873 438 3922 ab
449 3875 488 3922 his
494 3874 617 3940 prefectis
628 3875 664 3921 di·
708 3875 764 3923 Mil.
780 3889 842 3920 rom.
857 3874 895 3929 II,
910 3873 938 3930 8,
954 3880 979 3916 et
990 3868 1055 3916 nuk.
1073 3866 1138 3926 conj.
1147 3865 1217 3929 priu-

157 3955 221 4002 verai
241 3964 309 4000 eraut
328 3955 378 4001 x11
397 3955 505 4019 praefecti
525 3955 663 4013 sociorum,
708 3969 763 4016 ceps
772 3951 860 4016 priuata
871 3961 912 3998 aut
921 3948 1012 4014 prioris
1025 3945 1157 3995 centuriae:
1174 3943 1217 3990 sed

157 4050 219 4102 quos
236 4050 249 4084 a
269 4032 409 4083 consulibus
427 4033 573 4083 constitutos
590 4033 664 4085 tradit
708 4034 770 4080 Iorte
782 4030 889 4079 ceuturio
901 4029 981 4105 glossa
992 4032 1036 4081 coit
1042 4028 1134 4091 [11111111
1145 4042 1153 4071 -·
1163 4039 1217 4072 111111
