2768 4574
174 333 295 447 33333233
375 355 524 421 Linun
555 354 736 420 xxviii.
764 353 868 420 car.
896 357 1006 422 xcv.
1129 349 1198 438 435

197 476 300 543 XLV.
321 473 440 543 Minus
457 474 564 569 aequis
586 473 711 542 animis
729 470 872 541 auditus
890 487 945 543 est
962 476 1097 571 Scipio,
1116 478 1200 572 quia

147 581 331 679 vulgatum
353 598 446 668 erat,
463 583 490 653 si
513 583 607 680 apud
630 596 792 652 senatum
813 606 888 651 non
909 580 1143 673 obtinuisset,
1161 601 1202 655 ut

147 691 331 786 provincia
352 689 468 761 Africa
490 690 557 761 sibi
580 690 849 776 decerneretur,
873 689 917 759 ad
937 691 1113 787 populum
1137 720 1200 764 ex-

147 798 285 896 templo
304 799 470 870 laturum.
488 804 612 894 ltaque
626 803 669 889 Q.
683 798 844 887 Fulvius,
857 799 920 893 qui
934 801 1059 870 consul
1074 818 1201 896 quater

148 924 184 979 et
201 934 328 980 censor
347 907 480 995 luerat,
504 909 696 1006 postulavit
719 934 739 979 a
765 909 931 997 consule,
960 924 999 978 ut
1023 911 1139 1007 palam
1161 916 1199 983 in

146 1035 272 1089 senatu
290 1018 443 1105 diceret,
452 1025 717 1114 permitteretne
732 1019 921 1106 Patribus,
940 1035 980 1088 ut
994 1021 1039 1090 de
1051 1029 1200 1116 provin-

146 1134 208 1197 ciis
225 1129 476 1197 decernerent?
486 1143 713 1224 staturusque
733 1153 774 1196 eo
793 1139 914 1215 esset‘,
929 1129 1031 1224 quod
1046 1136 1199 1200 censuis-

144 1253 239 1322 sent,
258 1263 308 1306 an
329 1237 568 1333 adpopulum
590 1238 753 1307 laturus?
770 1241 892 1328 Quum
910 1239 1029 1335 Scipio
1047 1264 1198 1336 respon-

145 1346 273 1435 disset,
301 1372 360 1435 se,
387 1348 528 1444 quode
555 1349 741 1444 republica
768 1363 878 1431 esset,
903 1346 1100 1432 facturum
1121 1358 1198 1418 tum

144 1456 307 1542 Fulvius,
328 1461 434 1528 «Non
458 1482 524 1553 ego
544 1459 707 1551 ignarus,
723 1458 810 1552 quid
831 1481 1069 1554 responsurus
1084 1457 1197 1529 factu-

143 1591 278 1636 «rusve
303 1591 415 1652 esses,
439 1566 603 1662 quaesivi,
626 1569 760 1662 quippe
785 1591 900 1662 quum
928 1590 1001 1662 prae
1029 1580 1064 1634 te
1087 1567 1197 1650 feras,

145 1704 161 1737 α
176 1689 313 1745 tentare
332 1679 458 1771 magis,
468 1699 577 1770 quam
592 1675 778 1745 consulere
799 1675 983 1758 senatum,
996 1689 1051 1760 et,
1064 1676 1102 1744 ni
1119 1699 1197 1770 pro·

144 1786 322 1855 «vinciam
338 1786 419 1873 tibi,
432 1809 541 1880 quam
554 1785 728 1872 volueris,
749 1784 928 1880 externplo
947 1782 1197 1872 decernamus,

144 1909 329 1990 «paratam
351 1897 573 1991 rogationem
588 1892 730 1964 habeas.
747 1897 873 1986 Itaque
890 1917 908 1962 a
923 1890 1046 1976 vobis,
1062 1892 1200 1962 tribuni.

145 2034 161 2066 «
176 2001 308 2098 plebis,
319 2004 481 2100 postulO,
495 2004 633 2098 inquit,
649 2017 688 2072 ut
701 2004 913 2073 sententiam
927 2002 1014 2070 mibi
1029 2001 1110 2071 ideo
1123 2028 1198 2072 non

143 2112 322 2197 «dicenti,
339 2112 458 2208 quod,
472 2114 537 2182 etsi
552 2113 587 2180 in
603 2136 719 2182 meam
735 2112 967 2182 sententiam²
982 2110 1197 2199 discedatur,

143 2251 160 2285 «
175 2247 249 2292 non
268 2224 312 2292 sit
329 2238 447 2291 ratum
461 2221 648 2291 habiturus
666 2222 810 2307 consul,
831 2222 963 2291 auxilio
979 2222 1092 2292 sitis».
1109 2222 1197 2292 Inde
1277 2304 1280 2308 ,

144 2331 325 2403 altercatio
351 2347 445 2417 orta,
469 2355 581 2427 quum
612 2330 736 2400 consul
764 2345 910 2428 negaret
932 2355 1075 2427 aequum
1102 2354 1197 2418 esse,

144 2442 309 2514 tribunos
329 2443 570 2527 intercedere,
592 2466 665 2537 quo
686 2441 804 2510 minus
829 2466 895 2511 suo
916 2439 1092 2537 quisque³
1116 2441 1196 2510 loco

143 2550 327 2648 [senator]
342 2565 488 2646 rogatus
508 2552 719 2621 sententiam
740 2549 883 2620 diceret.
900 2550 1050 2620 Tribuni
1070 2552 1119 2620 ita
1137 2551 1196 2620 de-

143 2675 349 2746 creverunt,
361 2663 420 2730 «Si
435 2660 561 2730 consul
577 2660 716 2729 senatui
735 2659 780 2728 de
798 2660 989 2754 provinciis
1005 2660 1196 2754 permittit,

82 2795 85 2801 ·
142 2769 258 2837 «stari
276 2793 336 2852 e0,
356 2768 455 2863 quod
476 2783 620 2839 senatus
638 2768 832 2854 censuerit,
849 2767 985 2862 placet3
1002 2774 1074 2836 'nec
1094 2767 1139 2837 de
1156 2792 1197 2837 ea

143 2906 158 2939 a
174 2901 213 2945 re
228 2874 310 2946 ferri
324 2876 369 2944 ad
387 2876 563 2973 populum
578 2878 754 2971 patiemur
773 2903 780 2943 :
797 2878 912 2945 sinon
928 2878 1119 2971 permittit,
1133 2879 1197 2973 qui

143 3016 158 3051 α
172 2987 216 3057 de
231 3010 270 3055 ea
281 3010 318 3056 re
332 2987 545 3055 sententiam
553 2984 732 3056 recusabit
742 2986 874 3071 dicere,
884 2986 1015 3055 auxilio
1030 2982 1194 3093 opimus».
1212 3060 1217 3071 ¹

144 3228 174 3257 ex
184 3227 239 3258 vera
248 3210 394 3258 couscientia
405 3226 513 3256 verarum
523 3209 649 3256 insitarum
728 3209 751 3255 3.
762 3209 814 3268 Quo
826 3209 903 3254 minus
913 3225 956 3254 suo
969 3207 1070 3276 quisque
1079 3208 1132 3254 Ioco
1138 3241 1145 3263 ‚
1158 3209 1198 3256 vel

143 3288 189 3334 sibi
203 3289 320 3336 virtutum
334 3299 358 3335 et
370 3304 465 3345 eorum,
475 3289 584 3350 quaejam
599 3302 649 3348 ges·
692 3284 790 3346 ordine,
799 3297 897 3333 senator
905 3297 1003 3349 rogatus
1011 3286 1153 3332 sententiam
1162 3287 1197 3334 di-

143 3378 215 3424 serat‚
227 3379 349 3432 respectu,
361 3369 437 3415 Gron.
447 3367 577 3428 Vulgarum
588 3382 649 3428 quo·
693 3376 770 3420 cerem
782 3364 839 3410 vide
849 3363 881 3409 nd
891 3366 979 3420 ΙΙΙΙΙΙ,
988 3372 1033 3423 49,
1043 3380 1070 3411 n.
1080 3365 1119 3411 13.
1130 3365 1195 3411 Olim

110 3436 112 3442 ¹
142 3447 269 3506 quentilla
282 3456 347 3493 recte
359 3446 455 3493 defendi
466 3456 559 3509 potest,
570 3455 594 3491 et
606 3461 648 3493 ne«.
693 3443 835 3506 plerumque
843 3441 935 3505 primus
945 3443 1087 3489 sententiam
1096 3443 1197 3505 rogaba-

142 3524 245 3569 eessario
263 3525 296 3570 ita
314 3524 362 3586 legi
381 3525 466 3581 debet,
485 3526 506 3570 si
523 3534 600 3578 certe,
620 3535 649 3570 ut
692 3532 731 3567 tur
742 3522 856 3584 princeps
869 3531 977 3578 senatus,
994 3533 1046 3568 turn
1058 3523 1142 3568 consul
1156 3522 1196 3570 de·

141 3601 246 3659 videtur,
258 3618 305 3665 pro
310 3603 396 3649 saltem
405 3605 509 3666 positum
520 3613 565 3658 est3
573 3604 648 3650 Doer.
691 3599 810 3667 signatus,
821 3599 908 3645 deinde
918 3600 1067 3658 consulares,
1076 3601 1197 3663 praetorii,

176 3680 234 3727 Cur.
244 3682 320 3727 XLV.
333 3695 354 3727 1.
364 3681 522 3744 Staturusque
533 3697 560 3726 eo
574 3691 648 3737 emet,-
691 3678 785 3732 aedilitii
803 3689 828 3724 et
845 3677 932 3739 reliqui
951 3693 997 3740 pro
1014 3678 1099 3724 ordine
1117 3679 1196 3742 digni·

141 3757 197 3804 vide
208 3758 239 3804 ad
250 3760 300 3815 ΙΙΙ,
313 3759 359 3815 36,
370 3775 395 3806 n.
409 3775 448 3805 rr.
461 3786 496 3795 -
509 3759 581 3821 Quod
589 3775 602 3804 e
611 3775 648 3806 re·
691 3757 748 3803 tutis
758 3756 953 3818 aetatisquevrqui
965 3767 1046 3802 tamen
1056 3773 1109 3803 mos
1118 3774 1198 3820 neque

138 3837 238 3901 publica
254 3836 397 3892 esset,·vide
409 3836 440 3883 ud
451 3839 475 3894 1,
487 3853 528 3897 27,
540 3855 564 3886 n.
575 3839 647 3885 5.-
691 3837 776 3900 primis
801 3849 879 3896 neque
903 3835 1033 3896 postremis
1058 3836 1198 3899 reipublicae

145 3917 246 3961 Tentare
252 3933 262 3971 ,·
277 3915 335 3962 vide
344 3915 374 3961 ad
387 3918 436 3973 ΙΙΙ,
447 3931 499 3980 cap.
513 3917 556 3973 35,
569 3934 594 3964 n.
608 3933 630 3963 1.
692 3912 843 3977 temporibus
860 3924 967 3960 servatus
981 3924 1031 3970 est,
1048 3915 1092 3968 sed
1106 3931 1152 3978 pro
1168 3917 1199 3962 li·

177 4011 203 4043 2.
213 3997 243 4041 In
255 4010 332 4040 ineam
341 3995 485 4041 sententiam
495 3995 649 4050 discedamu-
692 3993 745 4040 bitu
757 3992 820 4051 ejus,
829 3993 872 4054 qui
883 4004 992 4039 senatum
1003 3993 1102 4053 babuit,
1113 3996 1201 4042 immu-

144 4073 202 4121 vidc
212 4073 243 4120 ad
255 4077 280 4132 I,
294 4073 323 4120 32
334 4109 342 4132 ,
355 4090 379 4121 n.
396 4076 433 4120 13.
693 4082 763 4118 tatus.
775 4071 850 4119 Conf.
860 4070 891 4118 od
901 4072 934 4128 V,
949 4086 992 4128 on,
1005 4088 1030 4119 n,
1041 4089 1070 4131 23
1083 4074 1145 4121 Gell.
1157 4074 1201 4131 lv,
1254 4100 1256 4109 ι

970 4157 1031 4226 28.
