2768 4574
217 347 284 416 180
639 347 678 412 r.
709 346 848 412 arvis
1137 331 1255 433 tta:

206 495 276 540 sua
296 474 530 553 couscientia,
547 483 588 536 ut
605 466 807 563 quidquam
830 465 876 534 dc
895 489 934 554 se
950 473 1096 560 grauius
1114 471 1280 543 consule-

207 591 319 666 rent²,
331 578 521 677 impulerit,
534 602 599 647 nec
609 582 754 646 uictoris
764 581 820 644 ira
830 581 957 672 capitis
966 576 1209 667 damnaverim
1217 607 1285 654 eos

209 693 410 763 libertatem
430 688 501 759 sibi
523 694 669 784 suisque
691 685 926 756 cibariorum
950 686 1114 784 aliquam
1128 709 1284 788 partem

209 830 324 892 orare,
335 809 425 872 cives
436 822 617 880 romanos,
626 797 859 891 affinitatibus
862 796 1077 895 plerosque³
1088 816 1124 870 et
1124 809 1285 900 propin.

209 923 289 1014 quis
299 917 385 1010 jam
406 908 679 1007 cognationibus
697 933 745 978 cx
766 909 946 979 connubio
966 926 1106 981 uetusto
1118 903 1284 1006 junctas.

210 1023 395 1099 Submotis
415 1020 547 1094 deinde
564 1045 584 1091 e
598 1035 670 1090 tem
676 1018 737 1116 plo
746 1021 774 1105 4,
794 1018 976 1116 paulisper
991 1018 1217 1111 dubitatum,
1233 1049 1284 1096 an

209 1132 445 1208 arcessendus
463 1157 483 1202 a
502 1137 626 1228 Capua
646 1134 691 1220 Q.
708 1130 853 1200 Fulvius
868 1145 960 1202 esset
974 1131 1159 1226 (mortuus
1179 1135 1285 1207 enim

207 1260 290 1343 post
308 1260 449 1342 captam
471 1240 643 1314 Claudius
662 1240 790 1312 consul
808 1253 885 1311 erat
897 1238 953 1336 ⁵),
969 1256 1010 1311 ut
1026 1266 1147 1313 coram
1164 1246 1285 1343 irnpe-

206 1372 342 1442 ratore,
364 1357 429 1452 qui
446 1376 504 1424 res
519 1353 703 1449 gessisset,
724 1352 816 1422 sicut
835 1352 931 1422 inter
952 1353 1286 1430 Marcellum'Sicu-

208 1468 336 1565 losque
349 1467 588 1563 disceptatum
607 1461 740 1547 fuerat,
753 1462 1034 1560 disceptaretur:
1046 1463 1147 1554 dein,
1161 1492 1284 1563 quum

207 1583 255 1648 Μ.
272 1576 421 1648 Atilium
430 1572 458 1663 ⁶,
479 1580 518 1647 C.
536 1573 701 1645 Fulvium
720 1572 867 1643 fratrem
884 1572 1017 1660 Flacci,
1032 1573 1168 1672 legatos
1182 1579 1284 1671 ejus,

204 1713 245 1760 ac
261 1692 305 1778 Q.
321 1688 521 1757 Minucium
538 1697 574 1754 et
589 1687 628 1752 L.
640 1684 832 1754 Veturium
845 1682 1056 1773 Philonem,
1071 1687 1158 1757 item
1172 1687 1285 1761 Clau·

117 1867 121 1875 .
175 1856 184 1873 .
206 1799 255 1870 dii
273 1800 430 1895 legatos,
445 1797 511 1893 qui
527 1792 699 1865 omnibus
712 1790 879 1897 gerendis
892 1793 1003 1866 rebus
1017 1793 1228 1888 adfuerant,
1243 1802 1285 1873 in

208 1922 336 1979 senatu
356 1906 541 1991 viderent,
564 1929 630 1976 nec
653 1904 818 1974 Fulvium
840 1907 980 2002 avocari
1002 1930 1023 1976 a
1044 1909 1187 2004 Capua,
1210 1934 1285 1983 nec

207 2016 344 2089 differri
370 2023 574 2113 Campanos
599 2014 757 2102 vellent;
786 2016 1031 2112 interrogatus
1062 2021 1285 2093 sententiam

207 2134 255 2198 M.
274 2129 399 2199 Atilius
419 2127 599 2224 Regulus,
617 2126 720 2221 cujus
737 2150 781 2196 ex
802 2126 864 2213 iis,
882 2127 947 2222 qui
962 2125 1007 2195 ad
1026 2130 1187 2224 Capuam
1205 2128 1287 2203 fue·

208 2254 311 2326 rant,
333 2240 489 2311 maxima
512 2240 705 2308 auctoritas
731 2251 823 2324 erat,
845 2241 920 2307 «In
940 2239 1115 2327 consilio,
1133 2239 1282 2336 inquit,

207 2350 395 2421 «arbitror
414 2372 473 2419 me
495 2347 604 2419 fuisse
625 2346 856 2435 consulibus,
875 2351 999 2443 Capua
1020 2363 1140 2445 capta,
1160 2373 1283 2445 quum

208 2475 484 2556 «quareretur,
507 2459 631 2554 ecquis
652 2461 919 2555 Campanorum
945 2457 992 2528 de
1009 2459 1197 2555 republica
1218 2486 1284 2532 no

205 2586 309 2642 «stra
328 2570 423 2642 bene
442 2571 593 2640 meritus
614 2584 729 2640 esset:
749 2569 837 2639 duas
860 2569 1028 2640 mulieres
1048 2586 1283 2669 compertum

206 2771 256 2802 uno
269 2755 345 2801 modo
360 2755 468 2819 suppleri
485 2765 586 2819 potest:
600 2753 718 2801 sedfoste
763 2763 823 2798 trem
846 2753 877 2814 Q.
893 2752 973 2799 Fulvii
989 2753 1084 2813 Flacci,
1098 2755 1192 2819 lagatos
1209 2757 1280 2820 ejus,

204 2835 253 2898 leg.
268 2835 378 2889 meritos,
393 2835 446 2880 scil.
460 2851 501 2891 se3
520 2833 612 2881 Duker.
626 2860 661 2869 -
674 2834 720 2879 Tot
763 2833 794 2893 Q.
804 2831 891 2877 Fulvii.
902 2831 1008 2893 Quidam
1021 2833 1085 2882 MSS
1098 2834 1216 2897 ignorant
1226 2852 1283 2902 eJtu

204 2930 299 2962 veneno
317 2913 462 2976 absumptis,
477 2923 515 2959 tat
528 2913 607 2958 securi
619 2928 719 2975 percus·
764 2919 789 2957 et
791 2908 884 2974 fratris
895 2910 1001 2970 habent3
1014 2912 1081 2960 unde
1090 2915 1167 2962 Gron.
1177 2915 1282 2967 emend.

206 2995 237 3041 sis
254 2992 405 3040 senatoribus
410 3010 421 3048 ,·
434 2991 491 3038 vide
507 2990 539 3038 ad
554 3007 608 3055 cap.
624 3003 667 3048 14,
680 2990 718 3038 15.
764 2991 800 3036 M.
813 2988 926 3044 Atilium,
939 2989 965 3036 C.
977 2990 1181 3056 Fulviumfiatris
1193 2995 1284 3044 Flacci

242 3089 266 3120 2.
279 3075 311 3119 lle
319 3070 455 3135 quidquam
466 3068 496 3115 de
505 3085 531 3116 se
538 3069 635 3132 gravius
646 3070 719 3135 (mor-
761 3066 869 3131 legatos,
885 3079 912 3115 ut
926 3069 952 3119 τὸ
961 3068 1052 3133 fratris
1065 3072 1282 3136 supremarum

205 3164 254 3200 tem
265 3148 438 3212 voluntarlam)
450 3149 616 3205 consulerent,
629 3161 719 3197 statue-
763 3146 886 3204 Fulvium,
896 3149 965 3209 quasi
975 3147 1068 3197 dictum
1080 3162 1142 3198 esset
1151 3149 1282 3217 hanofra·

169 3287 172 3290 ⁴
207 3242 260 3279 rent
279 3230 323 3295 (ut
342 3229 432 3286 XXX,
453 3228 501 3284 433
514 3228 592 3283 XLV,
607 3229 638 3285 8,
657 3225 717 3291 al.):
763 3224 806 3272 tris
821 3225 912 3272 Flacci.
928 3229 959 3274 In
975 3228 1098 3292 plerisque
1112 3230 1283 3296 MSSfiatm

206 3304 403 3374 exemploVirrii
415 3316 438 3354 et
449 3306 550 3354 mu
563 3320 717 3370 senatorum3
763 3304 864 3361 Flacci,
877 3319 930 3351 non
948 3306 1054 3370 improb.
1070 3308 1143 3357 Crev.
1156 3312 1202 3373 qui
1214 3311 1283 3363 nihil

208 3391 257 3438 vid.
273 3407 326 3455 cap,
341 3391 386 3447 13,
406 3395 445 3443 14.
763 3394 845 3429 vetare
861 3384 977 3446 putabat,
996 3388 1032 3433 Μ.
1051 3388 1155 3436 Aulium
1174 3389 1282 3442 fratrem

242 3471 265 3518 3.
283 3466 599 3537 Affinitatibusplerosquc,
617 3476 662 3513 etc.
677 3467 717 3514 Cf.
763 3478 815 3508 ease
830 3462 920 3521 Flacci,
936 3464 983 3511 etsi
1000 3465 1098 3513 diverso
1112 3467 1217 3518 nomine
1232 3472 1281 3533 sit,

207 3549 453 3609 adv111,1u,n.9.
765 3540 817 3588 sive
840 3557 871 3588 ex
890 3540 973 3589 eadem
990 3555 1088 3602 tanturn
1102 3557 1181 3594 matre
1195 3559 1282 3619 ortus,

243 3640 266 3686 4.
276 3628 396 3676 Submotis
407 3625 495 3674 deinde
510 3641 523 3672 c
537 3626 643 3688 templ05
659 3623 716 3671 vide
761 3621 811 3668 sive
822 3636 864 3683 per
873 3619 1032 3685 adoptionem
1040 3624 1067 3671 in
1077 3626 1212 3675 Atiliomm
1220 3644 1283 3693 gen-

207 3710 238 3756 ad
252 3725 304 3773 cap.
317 3709 364 3765 26,
378 3723 402 3754 n.
419 3714 442 3762 4.
760 3714 809 3750 tem
821 3704 927 3751 adscitus
938 3705 1019 3752 fuerit.
1031 3705 1131 3757 nont
1144 3705 1284 3760 itemlom

242 3790 265 3835 5.
283 3789 394 3833 Mortuus
409 3784 472 3832 enim
484 3794 541 3848 post
558 3794 657 3845 captam
670 3781 716 3829 Ca·
761 3782 891 3830 delendum
913 3795 938 3831 et
961 3800 992 3830 ex
1016 3785 1101 3832 ultima
1124 3784 1183 3850 syll.
1207 3789 1285 3839 vocis

205 3884 278 3931 puarn
287 3865 402 3913 Claudias
411 3864 506 3919 corisul,
517 3877 602 3929 propr.
608 3877 716 3924 procoa-
760 3878 833 3926 praec.
852 3873 940 3910 ortum.
955 3890 989 3898 -
1004 3862 1067 3910 MSS
1084 3865 1188 3911 Putem.
1207 3869 1285 3930 cajus

206 3946 250 3994 sul.
263 3945 334 3993 Conf.
345 3961 399 4008 esp.
414 3959 436 4001 r,
451 3945 494 3999 16,
505 3958 565 3989 mox
578 3952 631 3987 not.
646 3941 676 3997 6,
691 3952 716 3987 et
759 3956 845 4004 magna
856 3952 893 3988 est
903 3943 1173 4005 auctoritas‚aliiquee
1183 3950 1285 3999 nostris

206 4026 235 4073 ad
246 4027 377 4080 xxvm,
393 4025 440 4083 39,
453 4039 480 4069 n.
494 4038 514 4088 r.
752 4020 866 4084 fratres:
880 4036 954 4082 quare
974 4038 1030 4068 curn
1043 4022 1159 4071 Creverio
1174 4042 1284 4080 censeo.

239 4107 263 4152 6.
279 4108 315 4154 Μ.
334 4102 436 4150 Atilium
452 4112 477 4147 ct
494 4100 519 4146 C.
535 4099 643 4145 Fuluium
655 4095 713 4158 fra·
758 4101 803 4169 Ep.
820 4125 852 4134 -
870 4101 899 4147 lu
912 4100 1013 4147 coasilia
1024 4100 1133 4148 arbitror
1146 4105 1285 4172 mofia'sso
