2768 4574
172 308 241 405 ma
373 405 380 410 ·
594 306 802 374 tamn
1085 282 1227 394 tssffi

171 459 188 494 ι(
203 429 278 514 liae,
301 424 555 521 Carthaginem
582 423 664 494 urbi
689 446 848 493 romanae
871 425 1050 519 imperare
1075 424 1250 496 velletis?

171 568 188 603 a
202 561 312 634 quam
328 534 377 607 ob
392 559 524 605 noxam
538 535 681 631 patriae?

217 651 345 718 XXIX.
374 644 636 716 «Coriolanum
660 643 845 740 quondam
870 643 1053 714 damnatio
1079 644 1244 740 injusta,
1351 673 1352 678 ¹

169 790 187 823 «
200 759 374 828 miserum
397 770 434 826 et
460 753 650 853 indignum
674 755 860 841 exsilium,
881 768 923 825 ut
947 755 1016 825 iret
1040 755 1088 826 ad
1117 781 1244 855 oppu-

168 900 187 936 «
201 868 381 967 guandam
402 867 574 963 patriam,
593 864 736 963 impulit
753 891 760 934 :
777 865 957 937 revocavit
976 879 1101 937 tamen
1120 890 1144 936 a
1168 890 1243 965 pu-

168 1006 187 1042 «
200 974 297 1046 blico
315 975 524 1071 parricidio1
545 975 681 1071 privata
699 975 821 1071 pietas.
836 977 910 1045 Vos
926 975 989 1070 qui
1004 973 1133 1066 dolor,
1154 1001 1240 1075 quae

168 1116 187 1152 «
201 1088 253 1156 ira
263 1086 442 1156 incitavit?
451 1084 727 1181 stipendiumne
738 1083 866 1155 diebus
877 1085 1000 1180 paucis
1011 1086 1239 1183 imperatore

170 1228 187 1263 α
201 1221 296 1293 aegro
320 1197 433 1266 serius
453 1207 681 1264 numeratum
702 1194 785 1264 satis
806 1192 914 1291 digna
931 1218 1038 1266 causa
1055 1192 1150 1285 fuit,
1172 1221 1240 1269 cur

168 1338 187 1373 α
200 1307 325 1405 patriae
342 1305 547 1376 indiceretis
564 1302 723 1374 bellum?
739 1328 803 1375 cur
818 1304 864 1375 ad
877 1305 1045 1402 Ilergetes
1059 1304 1239 1380 descisco

168 1446 186 1481 tt
200 1417 286 1486 retis
305 1440 325 1485 a
343 1413 480 1512 populo
499 1414 672 1484 romano?
688 1439 754 1485 cnr
769 1414 859 1485 nihil
878 1413 1082 1487 divinarum
1102 1416 1238 1488 huma·

168 1556 186 1592 «
200 1549 375 1596 narumve
399 1549 523 1595 rerum
550 1523 760 1594 inviolatum
782 1523 884 1594 vobis
905 1526 1021 1596 esset?
1044 1528 1237 1599 Insanistis

166 1666 186 1700 a
200 1633 382 1732 profecto,
408 1633 566 1705 milites:
591 1658 658 1704 nec
681 1635 796 1729 major
817 1637 857 1704 in
876 1658 1008 1733 corpus
1032 1660 1161 1707 meum
1182 1640 1237 1708 vis

168 1775 186 1811 α
200 1744 336 1831 morbi,
353 1768 463 1841 quam
482 1746 520 1814 in
532 1759 667 1815 vestras
681 1759 840 1833 mentes,
857 1746 997 1815 invasit.
1011 1750 1148 1817 Horret
1161 1748 1239 1817 ani·

167 1885 186 1920 «
199 1880 281 1926 mus
297 1854 450 1943 referre,
470 1855 559 1954 quid
578 1854 796 1926 crediderint
810 1855 993 1943 homines,
1007 1855 1099 1952 quid
1113 1881 1239 1954 spera·

168 1996 186 2031 «
199 1967 336 2053 verint,
358 1964 446 2061 quid
466 1966 683 2062 optaverint.
704 1963 851 2036 Auferat
872 1966 993 2035 omnia
1014 1965 1117 2035 irrita
1138 1964 1238 2037 obli-

168 2105 186 2141 «
199 2076 278 2160 vio,
302 2075 331 2143 si
347 2087 490 2171 potest:
519 2076 548 2145 si
573 2100 667 2162 non,
692 2089 890 2170 utcumque
915 2073 1100 2145 silentium
1123 2089 1236 2173 tegat.

169 2215 186 2249 a
199 2189 283 2257 Non
311 2185 537 2280 negaverim,
565 2186 706 2255 tristem
732 2199 964 2279 atrocemque
988 2181 1093 2253 vobis
1119 2184 1238 2255 visam

168 2295 401 2365 «orationem
415 2319 551 2382 meam,
571 2307 708 2392 quanto
727 2292 871 2364 creditis
890 2292 982 2363 lacta
994 2306 1116 2362 vestra
1133 2304 1237 2363 atro-

167 2435 185 2470 «
200 2405 297 2475 ciora
313 2428 408 2492 esse,
428 2429 537 2500 quam
552 2402 648 2475 dicta
661 2405 763 2474 mea?
781 2417 818 2474 et
830 2427 889 2473 me
903 2427 962 2491 ea,
983 2424 1064 2498 quae
1075 2398 1238 2492 fecistis,

167 2514 273 2609 «pati
299 2539 443 2611 acquum
469 2516 647 2602 censetis,
680 2538 744 2585 vos
769 2539 817 2584 ne
844 2513 913 2584 dici
935 2510 1084 2609 quidem
1108 2515 1240 2585 omnia

167 2651 185 2686 «
198 2646 303 2718 aequo
324 2625 445 2695 animo
463 2620 629 2695 ferretis?
646 2623 717 2694 Sed
735 2649 782 2695 ne
803 2647 846 2694 ea
866 2621 1013 2720 quidem
1033 2622 1114 2719 ipsa
1137 2623 1240 2695 ultra

165 2733 526 2831 «exprobrabuntur.
552 2735 699 2804 Utinam
727 2750 800 2804 tam
828 2731 930 2804 facile
952 2755 1016 2803 vos
1038 2729 1237 2805 oblivisca-

164 2871 184 2907 α
197 2843 288 2912 mini
301 2839 449 2930 eorum,
469 2868 579 2939 quam
597 2868 664 2941 ego
679 2843 870 2915 obliviscar
886 2869 894 2908 t
909 2843 1050 2937 itaque,
1065 2842 1175 2937 quod
1187 2843 1239 2916 ad

82 2997 85 3002 -
164 2980 183 3016 α
193 2974 259 3022 vos
273 2954 459 3023 universos
474 2954 619 3038 attinet,
635 2954 665 3024 si
679 2955 811 3025 erroris
823 2953 994 3050 poenitet,
1009 2952 1092 3021 satis
1107 2975 1239 3049 super-

165 3089 182 3125 «
196 3086 267 3158 que
282 3086 473 3158 poenarum
490 3062 620 3134 habeo.
640 3063 764 3134 Albius
778 3064 932 3135 Calenus
952 3077 987 3133 et
1002 3063 1124 3132 Atrius
1139 3069 1237 3135 Um-

163 3200 181 3236 «
195 3170 261 3242 ber
281 3187 318 3242 et
338 3173 458 3242 caeteri
483 3170 627 3243 nefariae
651 3173 837 3244 seditionis
861 3187 1025 3243 auctores
1050 3173 1237 3268 sanguiue

166 3282 316 3367 «luent,
333 3282 434 3377 quod
450 3283 681 3354 admiserunt.
696 3282 809 3354 Vobis
828 3282 993 3380 supplicii
1007 3304 1138 3351 eorum
1154 3306 1238 3378 spe·

163 3420 182 3455 (ι
195 3391 377 3463 ctaculum
391 3417 466 3463 non
478 3392 590 3464 modo
599 3418 676 3465 non
687 3393 876 3481 acerbum,
891 3391 955 3464 sed
969 3391 1089 3461 laetum
1104 3393 1237 3481 etiam,

164 3501 226 3570 «si
249 3524 334 3572 sana
355 3527 458 3572 mens
482 3501 610 3590 rediit,
631 3502 741 3574 debet
764 3528 841 3574 esse
866 3530 874 3571 ε
898 3502 944 3572 de
970 3500 1078 3571 nrdlis
1107 3505 1235 3589 enirn,

198 3733 259 3781 eu.
270 3731 370 3779 XXIX.
385 3746 408 3778 1.
422 3731 447 3777 A
455 3730 555 3794 publico
564 3731 671 3796 parricr‘·
714 3744 740 3781 et
748 3731 798 3798 at)
809 3733 937 3795 scelusque
950 3744 1097 3792 omne,quo
1106 3729 1194 3794 piem
1206 3733 1236 3781 in

162 3810 671 3875 dio,abelloadveraurpatriamsuecepto,
715 3811 830 3876 patriam,
849 3821 976 3876 parentes,
993 3819 1040 3857 eto.
1060 3808 1185 3861 violeum.
1199 3840 1237 3851 -

162 3890 194 3937 ab
205 3890 386 3954 expugnatione
397 3890 487 3937 nefaria
500 3891 585 3954 patriae
597 3904 604 3938 t
617 3907 672 3937 nam
716 3891 914 3955 Privatapietas‚
926 3890 953 3937 in
963 3899 1063 3936 matrem
1070 3922 1080 3949 ,
1088 3903 1200 3939 uxorem
1211 3904 1238 3940 et

159 3968 322 4031 parricidium
332 3968 421 4016 dicitur
432 3970 524 4032 quaevis
536 3969 615 4017 credes
625 3969 670 4015 im·
714 3970 813 4019 liberos.
827 3971 876 4017 Ros
886 3979 946 4016 nota
955 3969 1030 4024 exII,
1040 3967 1071 4026 3⁸)
1083 3983 1122 4031 aq.
1132 3995 1173 4007 --
1186 3971 1239 4034 Qui

163 4048 204 4110 pia
215 4045 249 4109 (v.
256 4063 276 4093 c.
284 4045 328 4092 lilii
335 4050 409 4104 VIII,
419 4065 457 4106 11,
467 4061 491 4096 et
498 4049 578 4097 fratris
587 4050 645 4106 XL,
655 4049 669 4095 8
715 4049 800 4105 dolon
810 4048 866 4095 vide
879 4046 910 4095 ad
919 4048 970 4105 vt,
979 4046 1012 4094 32
1021 4078 1029 4104 ,
1037 4061 1063 4095 u·
1076 4046 1102 4093 3.
