2768 4574
181 256 302 364 *⁰323
383 277 535 343 erran
568 275 734 343 xxvu.
756 277 868 348 car
896 280 978 347 xv
1152 273 1220 372 257

155 424 220 470 nas
234 397 418 494 scalasque
434 396 479 467 ad
494 420 620 466 muros
633 393 791 486 ferrent,
803 397 861 468 alii
873 398 1000 495 procul
1014 422 1059 470 ex
1072 400 1224 471 navibus

156 510 390 580 vulnerarent
414 508 593 577 moenium
617 522 919 605 propugnatores.
944 513 1001 578 Eae
1026 534 1156 599 naves,
1179 510 1224 581 ab

156 636 284 719 aperto
297 620 388 691 mari
403 634 444 689 ut
459 619 591 691 urbem
606 618 911 717 aggrederentur,
930 620 1112 689 instructae
1128 645 1227 717 para-

156 748 276 831 taeque
286 746 382 805 sunt.
393 736 437 802 Et
451 748 527 803 erat
536 732 694 803 liberum
704 755 803 800 mare
813 784 822 815 ,
833 729 943 799 classe
955 729 1100 827 punica,
1110 755 1225 827 quum

158 845 345 943 Philippus
359 867 575 940 oppugnare
588 842 723 912 AEtolos
734 853 894 939 pararet,
908 842 1103 941 Corcyram
1116 855 1228 912 trans·

157 956 276 1026 missa.
300 960 342 1025 In
370 955 517 1025 Bruttiis
542 953 690 1023 interim
712 946 907 1021 Caulonis³
936 965 1227 1046 oppugnatoreS,

156 1065 227 1136 sub
245 1065 441 1136 adventum
459 1063 691 1150 Hannibalis,
710 1058 1092 1159 neopprimerentur,
1115 1063 1153 1130 in
1176 1075 1230 1132 tu·

158 1177 322 1263 mulum,
342 1201 363 1246 a
386 1176 553 1272 praesenti
573 1176 712 1272 impetu
737 1187 876 1261 tutum,
897 1196 934 1242 se
954 1195 1136 1269 recepere.
1163 1177 1228 1243 Fa·
1251 1217 1253 1220 <

159 1285 281 1373 bium,
296 1290 493 1356 Tarentum
507 1283 752 1370 obsidentem,
763 1284 841 1353 leve
860 1280 984 1379 dictu‘*
998 1299 1228 1355 momentum

63 1447 72 1464 .
158 1395 292 1465 adrem
308 1394 494 1490 ingentem
505 1393 721 1490 potiundam
736 1391 872 1486 adjuvit
887 1393 1113 1490 :praesidium
1125 1400 1229 1465 Brut-

161 1507 296 1579 tiorum
313 1505 438 1577 datum
453 1505 498 1577 ab
508 1503 713 1576 Hannibale
729 1504 914 1573 Tarentini
929 1502 1125 1575 habebant.
1141 1506 1230 1601 Ejus

81 1677 85 1686 ,
162 1616 318 1713 preasidii
334 1611 549 1714 praefectus⁵
567 1613 754 1713 deperibat
770 1638 894 1684 amore
913 1614 1152 1705 mulierculae,
1172 1642 1232 1688 cu·

159 1725 351 1820 jus‘lrater.
368 1729 407 1800 in
432 1727 592 1799 exercitu
612 1725 712 1796 Fabii
735 1717 893 1796 consulis
914 1740 1000 1795 erat.
1025 1730 1077 1814 Is,
1097 1728 1231 1798 certior

164 1837 276 1908 literis
296 1839 430 1908 sororis
452 1835 566 1908 factus
588 1837 633 1907 de
655 1861 751 1907 nova
775 1835 1049 1906 consuetudine
1064 1835 1232 1929 advenae,

163 1946 373 2045 locupletis,
389 1962 497 2045 atque
512 1949 607 2019 inter
619 1947 815 2045 populares
833 1960 906 2015 tam
923 1945 1113 2037 honorati,
1129 1975 1231 2047 spem

111 2128 114 2137 ,
164 2071 292 2128 nactus
311 2083 377 2155 per
396 2083 559 2130 sororem
574 2057 741 2155 quolibet
756 2056 895 2155 impelli
910 2073 1090 2130 amantem
1104 2086 1233 2159 posse,

163 2166 254 2263 quid
270 2183 449 2266 speraret,
468 2168 514 2239 ad
528 2168 717 2240 consulem
735 2167 876 2239 detulit.
896 2171 985 2259 Quae
1004 2195 1119 2267 quum
1134 2171 1233 2243 haud

164 2303 256 2348 vana
268 2280 437 2376 cogitatio
448 2281 522 2351 visa
534 2295 644 2367 esset,
657 2304 726 2377 pro
741 2277 893 2378 perfuga
906 2279 1027 2374 jussus
1036 2286 1233 2353 Tarentum

164 2386 351 2477 transiress,
366 2414 406 2460 ac
425 2414 491 2487 per
507 2414 670 2461 sororem
685 2387 855 2487 praelecto
874 2391 1100 2478 conciliatus,
1114 2394 1234 2490 primo

165 2498 306 2569 occulte
331 2502 491 2571 animum
514 2500 593 2595 ejus
610 2499 809 2587 tentand0,
832 2498 934 2586 dein,
950 2500 1033 2570 satis
1048 2492 1240 2600 explorata

167 2604 330 2695 levitate,
350 2608 533 2713 blanditiis
552 2608 793 2680 muliebribus
807 2609 967 2705 perpulit
986 2636 1070 2681 eum
1089 2613 1134 2684 ad
1148 2639 1233 2713 pro·

166 2714 342 2786 ditionem
362 2718 532 2789 custodiae
556 2719 647 2806 loci,
673 2721 731 2790 cui
755 2719 970 2815 praepositus
990 2736 1078 2792 erat.
1102 2723 1176 2794 Ubi
1198 2741 1235 2798 et

166 2827 259 2896 ratio
284 2827 429 2922 agendae
449 2829 522 2911 rei,
548 2842 583 2897 et
608 2841 754 2926 tempus
780 2829 969 2918 convenit,
989 2831 1108 2920 miles,
1124 2851 1234 2907 noete

167 2958 233 3031 per
252 2934 439 3003 intervalla
462 2936 679 3006 stationum⁷
700 2937 792 3008 clam
811 2962 855 3008 ex
872 2937 964 3010 urbe
984 2942 1156 3034 emissus,
1175 2972 1234 3037 ea,

167 3157 257 3213 solum,
277 3173 333 3221 quae
347 3158 418 3205 remis
438 3169 584 3222 egerentem
602 3159 633 3205 cf.
648 3159 679 3205 ad
723 3176 761 3207 res
782 3159 876 3229 diverse
898 3174 1009 3211 narratur
1031 3164 1063 3212 ab
1085 3165 1159 3225 aliis3
1184 3170 1235 3221 vid.

167 3237 252 3295 XXV,
267 3237 313 3295 30,
330 3253 355 3283 n.
367 3239 391 3285 6
409 3234 489 3284 Exh.
508 3237 565 3285 loco
580 3237 678 3286 sumas.
724 3221 845 3287 Plutarelr.
857 3241 951 3306 Fab..p
966 3246 1028 3303 186,
1038 3255 1063 3292 et
1073 3246 1105 3292 ad
1119 3247 1162 3296 Srl
1174 3250 1241 3310 XV,
1312 3280 1319 3301 .

167 3315 240 3362 Obss.
252 3316 285 3362 ad
295 3319 341 3365 Jus
353 3318 406 3365 Att.
422 3334 449 3381 p.
466 3317 517 3365 653
534 3329 558 3365 et
574 3317 615 3364 alu
627 3317 678 3364 col
724 3320 775 3366 320
789 3335 844 3383 sqq.
857 3322 915 3367 Vox
924 3323 1065 3385 presidiis
1082 3325 1183 3388 glossa
1175 3345 1235 3376 irre-

167 3394 292 3456 legerunt,
305 3397 427 3444 onerarias
442 3396 592 3444 remishaud
605 3396 678 3444 fuisse
722 3415 799 3463 psrsse
811 3399 916 3449 videtur
925 3401 972 3449 Sed
984 3403 1047 3451 forte
1057 3404 1188 3468 legendum
1199 3420 1236 3457 est
1326 3434 1329 3442 «

168 3490 231 3521 usas.
244 3474 293 3521 Sed
307 3476 359 3522 vid.
377 3476 493 3524 Scheffer.
509 3477 540 3524 de
553 3476 608 3525 Mal.
620 3493 677 3525 nav.
722 3477 853 3526 habebant.
869 3481 1010 3528 Heraclides
1019 3483 1151 3547 prcefhetus
1167 3487 1238 3550 depe·
1280 3511 1283 3519 =

168 3555 214 3610 IV,
230 3567 255 3610 1,
272 3554 336 3601 etin
349 3555 464 3603 Addend.
478 3573 503 3620 p.
521 3558 586 3614 3403
600 3555 678 3620 magii
722 3557 801 3615 ribot,
819 3570 867 3607 etc.
882 3560 948 3606 conf.
960 3560 1049 3626 Polyb.
1059 3563 1102 3611 lib.
1113 3567 1190 3625 XIII,
1206 3575 1236 3627 4,

167 3632 240 3679 Misc.
255 3634 279 3690 I,
293 3633 319 3678 6.
722 3637 766 3700 qui
782 3639 913 3684 Tarentum
928 3640 958 3687 ab
974 3641 1104 3690 Heraclide
1117 3645 1237 3694 Romanis

205 3711 229 3757 3.
250 3711 365 3760 Caulonis
383 3726 561 3778 oppugnatores
567 3733 577 3772 ,·
597 3715 629 3762 cf.
647 3715 682 3775 ad¹
721 3715 848 3780 proditum
862 3717 942 3765 docet.

169 3806 224 3852 cap.
234 3805 279 3847 12,
290 3806 316 3836 n.
325 3791 349 3837 3.
759 3796 785 3843 6.
794 3797 843 3842 Pro
848 3794 1040 3862 pefitgajussus
1050 3802 1106 3849 Tar.
1117 3803 1237 3862 transire·

206 3877 229 3923 4.
247 3871 307 3915 Leve
321 3869 387 3916 dictu
402 3873 635 3929 momentun25vide
649 3872 680 3920 ad
725 3870 784 3921 vide¹
795 3874 827 3921 ad
838 3877 863 3920 11
872 3891 916 3935 „7
929 3893 955 3923 n.
968 3885 991 3932 4.

101 3997 104 4001 ,
168 3950 207 4005 11,
224 3964 248 4008 7,
259 3965 284 3995 n.
296 3964 335 3995 11
763 3969 786 4013 7.
806 3955 855 3999 Per
875 3954 1004 4004 intervalla
1026 3957 1173 4016 stationum,
1193 3977 1238 4024 per

206 4026 229 4074 5.
240 4026 562 4094 Ejusprcesr'diipraefeccus,
572 4042 618 4080 ete.
628 4047 683 4095 quae
726 4032 795 4090 loca,
810 4032 899 4098 quibus
913 4034 1030 4083 stationes
1044 4051 1096 4085 non
1112 4049 1188 4086 erant.
1202 4065 1237 4076 -

272 4119 314 4185 V.
1050 4147 1090 4218 17
